市场代码,证券代码,时间,最新价,成交笔数,成交额,成交量,方向,买一价,买二价,买三价,买四价,买五价,卖一价,卖二价,卖三价,卖四价,卖五价,买一量,买二量,买三量,买四量,买五量,卖一量,卖二量,卖三量,卖四量,卖五量
sz,000001,2022-12-30 09:25:00,13.04,153,4067176,3119,-,13.03,13.02,13.01,13.00,12.99,13.04,13.05,13.06,13.07,13.08,553,350,13,698,5,7473,51,37,5,551
sz,000001,2022-12-30 09:30:00,13.04,89,3866229,2965,-,13.03,13.02,13.01,13.00,12.99,13.04,13.05,13.06,13.07,13.08,1515,350,16,703,105,4639,30,37,5,580
sz,000001,2022-12-30 09:30:03,13.05,182,13458180,10320,-,13.05,13.04,13.03,13.02,13.01,13.07,13.08,13.09,13.10,13.11,344,11628,702,808,589,24,626,403,304,586
sz,000001,2022-12-30 09:30:06,13.07,33,976659,747,-,13.07,13.06,13.05,13.04,13.03,13.08,13.09,13.10,13.11,13.12,2055,1080,643,7248,598,285,459,404,611,1149
sz,000001,2022-12-30 09:30:09,13.08,44,940335,719,-,13.08,13.07,13.06,13.05,13.04,13.09,13.10,13.11,13.12,13.13,1985,1903,580,643,7158,459,414,611,1149,506
sz,000001,2022-12-30 09:30:12,13.1,98,1882034,1438,-,13.09,13.08,13.07,13.06,13.05,13.10,13.11,13.12,13.13,13.14,2835,960,592,329,637,152,611,1149,506,370
sz,000001,2022-12-30 09:30:15,13.1,59,1559511,1190,-,13.10,13.09,13.08,13.07,13.06,13.12,13.13,13.14,13.15,13.16,823,1352,665,593,329,1196,506,370,3075,6328
sz,000001,2022-12-30 09:30:18,13.11,166,2216341,1691,-,13.11,13.10,13.09,13.08,13.07,13.12,13.13,13.14,13.15,13.16,23,16,1253,665,592,897,506,370,3075,6328
sz,000001,2022-12-30 09:30:21,13.1,61,866343,661,-,13.10,13.09,13.08,13.07,13.06,13.11,13.12,13.13,13.14,13.15,758,1150,666,412,434,173,942,506,370,3069
sz,000001,2022-12-30 09:30:24,13.11,63,1506999,1149,-,13.11,13.10,13.09,13.08,13.07,13.12,13.13,13.14,13.15,13.16,300,197,1150,576,353,276,513,370,3069,6328
sz,000001,2022-12-30 09:30:27,13.12,60,935193,713,-,13.11,13.10,13.09,13.08,13.07,13.12,13.13,13.14,13.15,13.16,251,198,691,572,353,77,513,395,3071,6337
sz,000001,2022-12-30 09:30:30,13.12,63,695426,530,-,13.12,13.11,13.10,13.09,13.08,13.13,13.14,13.15,13.16,13.17,96,61,208,691,572,342,435,3072,6337,180
sz,000001,2022-12-30 09:30:33,13.12,58,384271,293,-,13.10,13.09,13.08,13.07,13.06,13.12,13.13,13.14,13.15,13.16,181,700,572,353,434,326,363,465,3124,6337
sz,000001,2022-12-30 09:30:36,13.1,26,565004,431,-,13.10,13.09,13.08,13.07,13.06,13.11,13.12,13.13,13.14,13.15,114,698,570,348,454,3,165,394,1465,3124
sz,000001,2022-12-30 09:30:39,13.11,19,218964,167,-,13.11,13.09,13.08,13.07,13.06,13.12,13.13,13.14,13.15,13.16,32,700,436,347,454,288,869,1480,3302,6337
sz,000001,2022-12-30 09:30:42,13.11,46,480345,366,-,13.11,13.10,13.09,13.08,13.07,13.12,13.13,13.14,13.15,13.16,88,93,706,436,347,400,869,1482,3302,6342
sz,000001,2022-12-30 09:30:45,13.1,34,561756,429,-,13.10,13.09,13.08,13.07,13.06,13.11,13.12,13.13,13.14,13.15,200,706,436,351,454,45,568,846,1492,3329
sz,000001,2022-12-30 09:30:48,13.1,20,220124,168,-,13.10,13.09,13.08,13.07,13.06,13.11,13.12,13.13,13.14,13.15,160,706,436,351,454,117,634,926,1492,3343
sz,000001,2022-12-30 09:30:51,13.11,22,169042,129,-,13.10,13.09,13.08,13.07,13.06,13.11,13.12,13.13,13.14,13.15,87,771,435,351,454,149,611,1036,1508,3363
sz,000001,2022-12-30 09:30:54,13.11,40,685588,523,-,13.11,13.10,13.09,13.08,13.07,13.12,13.13,13.14,13.15,13.16,751,58,771,435,351,668,1034,1511,3273,6342
sz,000001,2022-12-30 09:30:57,13.11,28,686996,524,-,13.11,13.10,13.09,13.08,13.07,13.12,13.13,13.14,13.15,13.16,281,78,771,435,351,655,1031,1526,3303,6342
sz,000001,2022-12-30 09:31:00,13.11,20,360573,275,-,13.11,13.10,13.09,13.08,13.07,13.12,13.13,13.14,13.15,13.16,119,188,771,462,351,685,981,1586,3400,6352
sz,000001,2022-12-30 09:31:03,13.11,76,635869,485,-,13.11,13.10,13.09,13.08,13.07,13.12,13.13,13.14,13.15,13.16,2,84,630,462,351,692,981,681,3516,6352
sz,000001,2022-12-30 09:31:06,13.11,13,61613,47,-,13.10,13.09,13.08,13.07,13.06,13.11,13.12,13.13,13.14,13.15,82,630,462,258,482,1022,707,988,680,3551
sz,000001,2022-12-30 09:31:09,13.11,12,15732,12,-,13.10,13.09,13.08,13.07,13.06,13.11,13.12,13.13,13.14,13.15,286,630,462,229,482,1160,736,1053,690,3559
sz,000001,2022-12-30 09:31:12,13.11,26,374813,286,-,13.10,13.09,13.08,13.07,13.06,13.11,13.12,13.13,13.14,13.15,204,164,177,249,482,1066,706,1053,716,3575
sz,000001,2022-12-30 09:31:15,13.11,37,324994,248,-,13.10,13.09,13.08,13.07,13.06,13.11,13.12,13.13,13.14,13.15,131,163,177,249,482,969,695,1053,721,3587
sz,000001,2022-12-30 09:31:18,13.11,43,389295,297,-,13.10,13.09,13.08,13.07,13.06,13.11,13.12,13.13,13.14,13.15,257,163,182,251,482,792,788,1055,835,3570
sz,000001,2022-12-30 09:31:21,13.11,82,1406752,1073,-,13.11,13.10,13.09,13.08,13.07,13.12,13.13,13.14,13.15,13.16,532,626,163,182,251,621,1055,938,3551,6406
sz,000001,2022-12-30 09:31:24,13.13,96,1033936,788,-,13.12,13.11,13.10,13.09,13.08,13.13,13.14,13.15,13.16,13.17,509,1109,655,163,182,1004,965,3562,6408,180
sz,000001,2022-12-30 09:31:27,13.12,66,905830,690,-,13.12,13.11,13.10,13.09,13.08,13.13,13.14,13.15,13.16,13.17,373,990,655,163,48,444,973,3557,6420,180
sz,000001,2022-12-30 09:31:30,13.13,20,593473,452,-,13.12,13.11,13.10,13.09,13.08,13.13,13.14,13.15,13.16,13.17,582,1010,655,137,48,81,974,3552,6420,180
sz,000001,2022-12-30 09:31:33,13.12,31,269152,205,-,13.12,13.11,13.10,13.09,13.08,13.13,13.14,13.15,13.16,13.17,773,1010,488,137,48,64,909,3828,6438,180
sz,000001,2022-12-30 09:31:36,13.12,10,66949,51,-,13.12,13.11,13.10,13.09,13.08,13.13,13.14,13.15,13.16,13.17,774,551,493,137,48,116,959,3828,6438,180
sz,000001,2022-12-30 09:31:39,13.13,19,216626,165,-,13.12,13.11,13.10,13.09,13.08,13.13,13.14,13.15,13.16,13.17,747,470,493,137,48,269,951,3860,6458,180
sz,000001,2022-12-30 09:31:42,13.13,20,590847,450,-,13.12,13.11,13.10,13.09,13.08,13.13,13.14,13.15,13.16,13.17,1015,472,493,137,48,119,1001,3860,6458,180
sz,000001,2022-12-30 09:31:45,13.13,36,464792,354,-,13.13,13.12,13.11,13.10,13.09,13.14,13.15,13.16,13.17,13.18,106,1091,453,491,121,1033,3910,6458,180,965
sz,000001,2022-12-30 09:31:48,13.13,16,292800,223,-,13.13,13.12,13.11,13.10,13.09,13.14,13.15,13.16,13.17,13.18,389,586,453,491,121,1053,3911,6458,387,965
sz,000001,2022-12-30 09:31:51,13.13,30,162812,124,-,13.13,13.12,13.11,13.10,13.09,13.14,13.15,13.16,13.17,13.18,295,322,464,491,121,1114,3931,6465,387,977
sz,000001,2022-12-30 09:31:54,13.13,76,445114,339,-,13.12,13.11,13.10,13.09,13.08,13.13,13.14,13.15,13.16,13.17,353,464,541,122,75,30,1110,3926,6469,392
sz,000001,2022-12-30 09:31:57,13.13,12,174594,133,-,13.12,13.11,13.10,13.09,13.08,13.13,13.14,13.15,13.16,13.17,512,456,541,122,75,328,1103,3933,6486,392
sz,000001,2022-12-30 09:32:00,13.13,9,346631,264,-,13.12,13.11,13.10,13.09,13.08,13.13,13.14,13.15,13.16,13.17,525,456,541,122,75,221,1108,4009,6486,392
sz,000001,2022-12-30 09:32:03,13.13,10,35451,27,-,13.12,13.11,13.10,13.09,13.08,13.13,13.14,13.15,13.16,13.17,515,456,541,122,78,344,1129,4149,6486,392
sz,000001,2022-12-30 09:32:06,13.13,69,1863139,1419,-,13.12,13.11,13.10,13.09,13.08,13.13,13.14,13.15,13.16,13.17,559,31,83,122,78,207,1133,4231,6491,392
sz,000001,2022-12-30 09:32:09,13.13,18,107638,82,-,13.12,13.11,13.10,13.09,13.08,13.13,13.14,13.15,13.16,13.17,543,31,83,122,78,302,1144,4214,6501,392
sz,000001,2022-12-30 09:32:12,13.13,28,596102,454,-,13.13,13.12,13.11,13.10,13.09,13.14,13.15,13.16,13.17,13.18,263,673,31,83,122,1148,4229,6501,392,984
sz,000001,2022-12-30 09:32:15,13.14,26,292838,223,-,13.13,13.12,13.11,13.10,13.09,13.14,13.15,13.16,13.17,13.18,639,163,36,93,122,1150,4225,6511,402,999
sz,000001,2022-12-30 09:32:18,13.13,69,1004486,765,-,13.12,13.11,13.10,13.09,13.08,13.13,13.14,13.15,13.16,13.17,439,36,93,122,78,5,1635,4276,6511,402
sz,000001,2022-12-30 09:32:21,13.13,16,126048,96,-,13.13,13.12,13.11,13.10,13.09,13.14,13.15,13.16,13.17,13.18,76,503,43,93,122,1748,4273,6521,422,1002
sz,000001,2022-12-30 09:32:24,13.13,29,233767,178,-,13.13,13.12,13.11,13.10,13.09,13.14,13.15,13.16,13.17,13.18,125,471,43,93,122,1704,4438,6521,422,1007
sz,000001,2022-12-30 09:32:27,13.13,27,467513,356,-,13.12,13.11,13.10,13.09,13.08,13.13,13.14,13.15,13.16,13.17,465,36,93,212,78,800,1759,4442,6517,424
sz,000001,2022-12-30 09:32:30,13.13,15,256011,195,-,13.12,13.11,13.10,13.09,13.08,13.13,13.14,13.15,13.16,13.17,609,36,93,212,78,714,1757,4462,6517,424
sz,000001,2022-12-30 09:32:33,13.13,35,229767,175,-,13.12,13.11,13.10,13.09,13.08,13.13,13.14,13.15,13.16,13.17,631,36,93,213,78,637,1805,4467,6517,450
sz,000001,2022-12-30 09:32:36,13.13,14,104974,80,-,13.12,13.11,13.10,13.09,13.08,13.13,13.14,13.15,13.16,13.17,557,36,98,213,78,744,1916,4501,6522,450
sz,000001,2022-12-30 09:32:39,13.12,49,654705,499,-,13.12,13.11,13.10,13.09,13.08,13.13,13.14,13.15,13.16,13.17,142,36,98,213,78,1394,1925,4497,6523,450
sz,000001,2022-12-30 09:32:42,13.13,59,1453782,1108,-,13.11,13.10,13.09,13.08,13.07,13.13,13.14,13.15,13.16,13.17,455,98,218,78,279,876,1926,4507,6523,450
sz,000001,2022-12-30 09:32:45,13.12,24,452896,345,-,13.12,13.11,13.10,13.09,13.08,13.13,13.14,13.15,13.16,13.17,2,578,98,218,78,706,1926,4352,6523,450
sz,000001,2022-12-30 09:32:48,13.13,17,94469,72,-,13.12,13.11,13.10,13.09,13.08,13.13,13.14,13.15,13.16,13.17,123,463,98,218,78,755,2007,4352,6518,455
sz,000001,2022-12-30 09:32:51,13.12,16,295304,225,-,13.12,13.11,13.10,13.09,13.08,13.13,13.14,13.15,13.16,13.17,14,473,98,218,78,721,1925,4305,6511,456
sz,000001,2022-12-30 09:32:54,13.12,36,456371,348,-,13.11,13.10,13.09,13.08,13.07,13.12,13.13,13.14,13.15,13.16,308,98,218,78,278,130,827,1935,4340,6514
sz,000001,2022-12-30 09:32:57,13.12,10,104906,80,-,13.11,13.10,13.09,13.08,13.07,13.12,13.13,13.14,13.15,13.16,496,98,218,78,278,189,1089,1931,4340,6514
sz,000001,2022-12-30 09:33:00,13.11,10,39333,30,-,13.11,13.10,13.09,13.08,13.07,13.12,13.13,13.14,13.15,13.16,482,98,218,90,278,593,1096,1937,4340,6514
sz,000001,2022-12-30 09:33:03,13.11,47,1105175,843,-,13.10,13.09,13.08,13.07,13.06,13.11,13.12,13.13,13.14,13.15,141,218,90,280,483,3,698,1077,1929,4340
sz,000001,2022-12-30 09:33:06,13.12,11,73422,56,-,13.11,13.10,13.09,13.08,13.07,13.12,13.13,13.14,13.15,13.16,45,312,218,90,280,737,1075,2015,4340,6527
sz,000001,2022-12-30 09:33:09,13.11,38,396003,302,-,13.11,13.10,13.09,13.08,13.07,13.12,13.13,13.14,13.15,13.16,6,222,218,90,280,520,1095,2015,4348,6527
sz,000001,2022-12-30 09:33:12,13.12,33,121938,93,-,13.11,13.10,13.09,13.08,13.07,13.12,13.13,13.14,13.15,13.16,26,213,218,90,280,624,1095,2004,4348,6537
sz,000001,2022-12-30 09:33:15,13.12,82,1722664,1313,-,13.12,13.11,13.10,13.09,13.08,13.13,13.14,13.15,13.16,13.17,192,936,177,218,90,1006,2004,4348,6537,510
sz,000001,2022-12-30 09:33:18,13.12,23,398899,304,-,13.12,13.11,13.10,13.09,13.08,13.13,13.14,13.15,13.16,13.17,211,944,176,218,100,1126,2004,4348,6539,510
sz,000001,2022-12-30 09:33:21,13.12,9,450016,343,-,13.11,13.10,13.09,13.08,13.07,13.12,13.13,13.14,13.15,13.16,1014,176,218,100,85,86,1137,1963,4337,6539
sz,000001,2022-12-30 09:33:24,13.12,9,70816,54,-,13.11,13.10,13.09,13.08,13.07,13.12,13.13,13.14,13.15,13.16,1063,176,218,100,85,185,1041,1959,4339,6539
sz,000001,2022-12-30 09:33:27,13.12,9,150797,115,-,13.11,13.10,13.09,13.08,13.07,13.12,13.13,13.14,13.15,13.16,1018,143,218,100,85,285,1066,1863,4339,6539
sz,000001,2022-12-30 09:33:30,13.12,7,166511,127,-,13.11,13.10,13.09,13.08,13.07,13.12,13.13,13.14,13.15,13.16,924,141,218,100,85,337,1106,1868,4338,6540
sz,000001,2022-12-30 09:33:33,13.11,27,85221,65,-,13.11,13.10,13.09,13.08,13.07,13.12,13.13,13.14,13.15,13.16,871,156,218,100,85,391,1156,1868,4350,6540
sz,000001,2022-12-30 09:33:36,13.11,27,338404,258,-,13.11,13.10,13.09,13.08,13.07,13.12,13.13,13.14,13.15,13.16,799,100,218,100,85,238,1243,1868,4350,6540
sz,000001,2022-12-30 09:33:39,13.12,24,266319,203,-,13.11,13.10,13.09,13.08,13.07,13.12,13.13,13.14,13.15,13.16,312,100,218,100,85,176,1263,1868,4342,6540
sz,000001,2022-12-30 09:33:42,13.11,5,13111,10,-,13.11,13.10,13.09,13.08,13.07,13.12,13.13,13.14,13.15,13.16,303,100,217,100,85,245,1269,1868,4333,6540
sz,000001,2022-12-30 09:33:45,13.11,17,114081,87,-,13.11,13.10,13.09,13.08,13.07,13.12,13.13,13.14,13.15,13.16,252,120,217,124,85,396,1274,2231,4233,6533
sz,000001,2022-12-30 09:33:48,13.11,46,483759,369,-,13.10,13.09,13.08,13.07,13.06,13.11,13.12,13.13,13.14,13.15,189,217,124,85,170,8,760,1360,2231,4333
sz,000001,2022-12-30 09:33:51,13.11,30,94356,72,-,13.11,13.10,13.09,13.08,13.07,13.12,13.13,13.14,13.15,13.16,39,237,217,112,85,800,1360,2232,4333,6533
sz,000001,2022-12-30 09:33:54,13.1,40,250318,191,-,13.10,13.09,13.08,13.07,13.06,13.11,13.12,13.13,13.14,13.15,84,217,112,85,175,305,798,1254,2236,4363
sz,000001,2022-12-30 09:33:57,13.09,23,148028,113,-,13.09,13.08,13.07,13.06,13.05,13.10,13.11,13.12,13.13,13.14,204,112,85,175,67,153,324,813,1265,2305
sz,000001,2022-12-30 09:34:00,13.1,5,7858,6,-,13.09,13.08,13.07,13.06,13.05,13.10,13.11,13.12,13.13,13.14,213,112,85,200,79,160,206,1029,1275,2325
sz,000001,2022-12-30 09:34:03,13.1,10,121780,93,-,13.09,13.08,13.07,13.06,13.05,13.10,13.11,13.12,13.13,13.14,170,112,85,200,79,120,199,886,1288,2353
sz,000001,2022-12-30 09:34:06,13.11,45,571192,436,-,13.10,13.09,13.08,13.07,13.06,13.11,13.12,13.13,13.14,13.15,86,28,732,85,200,25,886,1287,2353,4311
sz,000001,2022-12-30 09:34:09,13.1,19,260784,199,-,13.10,13.09,13.08,13.07,13.06,13.12,13.13,13.14,13.15,13.16,185,28,732,96,200,806,1245,2353,4325,6537
sz,000001,2022-12-30 09:34:12,13.1,8,176865,135,-,13.10,13.09,13.08,13.07,13.06,13.11,13.12,13.13,13.14,13.15,413,68,732,96,180,81,914,1245,2353,4325
sz,000001,2022-12-30 09:34:15,13.11,15,174352,133,-,13.10,13.09,13.08,13.07,13.06,13.11,13.12,13.13,13.14,13.15,1053,255,423,96,180,17,843,1245,2353,4325
sz,000001,2022-12-30 09:34:18,13.11,14,200569,153,-,13.11,13.10,13.09,13.08,13.07,13.12,13.13,13.14,13.15,13.16,651,861,1224,112,98,853,1245,2335,4275,6537
sz,000001,2022-12-30 09:34:21,13.12,59,1206994,920,-,13.12,13.11,13.10,13.09,13.08,13.13,13.14,13.15,13.16,13.17,126,620,740,1274,112,1344,2327,4275,6537,574
sz,000001,2022-12-30 09:34:24,13.12,15,220485,168,-,13.12,13.11,13.10,13.09,13.08,13.13,13.14,13.15,13.16,13.17,786,404,454,1274,112,1323,2326,4270,6537,574
sz,000001,2022-12-30 09:34:27,13.12,24,447505,341,-,13.12,13.11,13.10,13.09,13.08,13.13,13.14,13.15,13.16,13.17,615,411,484,1274,112,1211,2296,4270,6519,574
sz,000001,2022-12-30 09:34:30,13.12,6,34133,26,-,13.12,13.11,13.10,13.09,13.08,13.13,13.14,13.15,13.16,13.17,615,411,473,435,112,1237,2346,4270,6519,574
sz,000001,2022-12-30 09:34:33,13.12,15,366053,279,-,13.12,13.11,13.10,13.09,13.08,13.13,13.14,13.15,13.16,13.17,81,307,468,465,112,1178,2355,4299,6519,574
sz,000001,2022-12-30 09:34:36,13.12,22,236157,180,-,13.11,13.10,13.09,13.08,13.07,13.12,13.13,13.14,13.15,13.16,153,302,465,112,98,1055,1169,2435,4309,6519
sz,000001,2022-12-30 09:34:39,13.1,16,394713,301,-,13.10,13.09,13.08,13.07,13.06,13.11,13.12,13.13,13.14,13.15,310,465,112,96,189,654,506,1127,2435,4313
sz,000001,2022-12-30 09:34:42,13.1,18,805870,615,-,13.10,13.09,13.08,13.07,13.06,13.11,13.12,13.13,13.14,13.15,121,465,111,96,189,288,482,1137,2535,4313
sz,000001,2022-12-30 09:34:45,13.1,13,75990,58,-,13.10,13.09,13.08,13.07,13.06,13.11,13.12,13.13,13.14,13.15,137,465,111,96,189,279,503,1152,2598,4322
sz,000001,2022-12-30 09:34:48,13.11,35,231872,177,-,13.09,13.08,13.07,13.06,13.05,13.10,13.11,13.12,13.13,13.14,457,111,91,189,97,186,459,397,1152,2598
sz,000001,2022-12-30 09:34:51,13.1,13,310470,237,-,13.09,13.08,13.07,13.06,13.05,13.10,13.11,13.12,13.13,13.14,457,111,131,191,97,36,368,398,1165,2578
sz,000001,2022-12-30 09:34:54,13.1,10,159820,122,-,13.10,13.09,13.08,13.07,13.06,13.11,13.12,13.13,13.14,13.15,88,543,181,156,191,369,426,1150,2565,4392
sz,000001,2022-12-30 09:34:57,13.1,25,441320,337,-,13.09,13.08,13.07,13.06,13.05,13.10,13.11,13.12,13.13,13.14,351,181,156,191,99,61,279,460,1165,2565
sz,000001,2022-12-30 09:35:00,13.1,11,230560,176,-,13.09,13.08,13.07,13.06,13.05,13.10,13.11,13.12,13.13,13.14,444,181,156,191,99,48,278,485,1185,2572
sz,000001,2022-12-30 09:35:03,13.09,10,111287,85,-,13.09,13.08,13.07,13.06,13.05,13.10,13.11,13.12,13.13,13.14,393,154,156,191,99,26,277,530,1188,2735
sz,000001,2022-12-30 09:35:06,13.1,32,582762,445,-,13.10,13.09,13.08,13.07,13.06,13.11,13.12,13.13,13.14,13.15,48,132,123,176,193,194,539,1195,2737,4392
sz,000001,2022-12-30 09:35:09,13.09,25,231841,177,-,13.09,13.08,13.07,13.06,13.05,13.10,13.11,13.12,13.13,13.14,22,123,176,193,200,955,264,539,1195,2749
sz,000001,2022-12-30 09:35:12,13.09,22,664976,508,-,13.09,13.08,13.07,13.06,13.05,13.10,13.11,13.12,13.13,13.14,350,125,178,194,200,774,264,554,1165,2749
sz,000001,2022-12-30 09:35:15,13.1,44,802982,613,-,13.09,13.08,13.07,13.06,13.05,13.10,13.11,13.12,13.13,13.14,201,125,178,196,210,239,208,568,1168,2749
sz,000001,2022-12-30 09:35:18,13.11,39,606869,463,-,13.11,13.10,13.09,13.08,13.07,13.12,13.13,13.14,13.15,13.16,17,6,205,125,228,658,1168,2740,4390,6491
sz,000001,2022-12-30 09:35:21,13.12,54,1105905,843,-,13.12,13.11,13.10,13.09,13.08,13.13,13.14,13.15,13.16,13.17,68,277,6,71,125,1268,2761,4390,6491,574
sz,000001,2022-12-30 09:35:24,13.13,8,91845,70,-,13.12,13.11,13.10,13.09,13.08,13.13,13.14,13.15,13.16,13.17,10,277,6,84,122,1263,2761,4461,6451,574
sz,000001,2022-12-30 09:35:27,13.13,11,163967,125,-,13.12,13.11,13.10,13.09,13.08,13.13,13.14,13.15,13.16,13.17,77,239,24,124,123,1258,2761,4455,6451,577
sz,000001,2022-12-30 09:35:30,13.13,12,128581,98,-,13.12,13.11,13.10,13.09,13.08,13.13,13.14,13.15,13.16,13.17,56,269,28,124,123,1114,2720,4455,6451,577
sz,000001,2022-12-30 09:35:33,13.12,20,521946,398,-,13.11,13.10,13.09,13.08,13.07,13.12,13.13,13.14,13.15,13.16,35,28,705,123,224,57,1370,3279,4465,6451
sz,000001,2022-12-30 09:35:36,13.11,1,9177,7,-,13.11,13.10,13.09,13.08,13.07,13.12,13.13,13.14,13.15,13.16,28,28,705,123,224,113,1407,3292,4465,6451
sz,000001,2022-12-30 09:35:39,13.11,17,104811,80,-,13.10,13.09,13.08,13.07,13.06,13.11,13.12,13.13,13.14,13.15,99,124,173,224,196,47,768,1417,3189,4466
sz,000001,2022-12-30 09:35:42,13.1,21,159823,122,-,13.09,13.08,13.07,13.06,13.05,13.10,13.11,13.12,13.13,13.14,53,173,225,196,260,6,130,839,1459,3148
sz,000001,2022-12-30 09:35:45,13.09,45,271130,207,-,13.09,13.08,13.07,13.06,13.05,13.10,13.11,13.12,13.13,13.14,4,193,225,196,260,2,160,854,1549,3126
sz,000001,2022-12-30 09:35:48,13.1,22,235738,180,-,13.08,13.07,13.06,13.05,13.04,13.10,13.11,13.12,13.13,13.14,191,205,196,260,3361,401,179,854,1549,2796
sz,000001,2022-12-30 09:35:51,13.08,11,95523,73,-,13.08,13.07,13.06,13.05,13.04,13.09,13.10,13.11,13.12,13.13,157,205,196,260,3361,146,402,187,1041,1658
sz,000001,2022-12-30 09:35:54,13.07,28,347969,266,-,13.07,13.06,13.05,13.04,13.03,13.08,13.09,13.10,13.11,13.12,160,196,260,3361,513,241,380,407,962,1086
sz,000001,2022-12-30 09:35:57,13.07,39,286272,219,-,13.06,13.05,13.04,13.03,13.02,13.07,13.08,13.09,13.10,13.11,196,296,3361,513,201,2,267,396,417,962
sz,000001,2022-12-30 09:36:00,13.06,15,94063,72,-,13.06,13.05,13.04,13.03,13.02,13.07,13.08,13.09,13.10,13.11,133,326,3459,513,201,152,348,134,339,962
sz,000001,2022-12-30 09:36:03,13.06,13,135824,104,-,13.06,13.05,13.04,13.03,13.02,13.07,13.08,13.09,13.10,13.11,129,326,3459,513,201,234,439,134,417,1038
sz,000001,2022-12-30 09:36:06,13.06,13,202430,155,-,13.05,13.04,13.03,13.02,13.01,13.06,13.07,13.08,13.09,13.10,316,3465,513,201,1373,294,234,439,134,417
sz,000001,2022-12-30 09:36:09,13.06,17,198433,152,-,13.05,13.04,13.03,13.02,13.01,13.06,13.07,13.08,13.09,13.10,259,3439,513,201,1373,263,109,321,134,417
sz,000001,2022-12-30 09:36:12,13.06,14,87450,67,-,13.05,13.04,13.03,13.02,13.01,13.06,13.07,13.08,13.09,13.10,353,3419,528,201,1373,287,109,321,134,412
sz,000001,2022-12-30 09:36:15,13.06,8,67864,52,-,13.05,13.04,13.03,13.02,13.01,13.06,13.07,13.08,13.09,13.10,384,3416,528,201,1348,283,110,321,138,412
sz,000001,2022-12-30 09:36:18,13.06,23,159294,122,-,13.05,13.04,13.03,13.02,13.01,13.06,13.07,13.08,13.09,13.10,405,3431,531,201,1398,205,110,321,138,412
sz,000001,2022-12-30 09:36:21,13.05,14,225776,173,-,13.05,13.04,13.03,13.02,13.01,13.06,13.07,13.08,13.09,13.10,305,3431,516,201,1408,202,110,321,138,393
sz,000001,2022-12-30 09:36:24,13.06,18,282033,216,-,13.05,13.04,13.03,13.02,13.01,13.06,13.07,13.08,13.09,13.10,283,3398,518,201,1408,109,110,321,138,357
sz,000001,2022-12-30 09:36:27,13.05,11,96573,74,-,13.05,13.04,13.03,13.02,13.01,13.06,13.07,13.08,13.09,13.10,239,3394,420,201,1408,160,110,321,138,403
sz,000001,2022-12-30 09:36:30,13.05,33,571588,438,-,13.04,13.03,13.02,13.01,13.00,13.05,13.06,13.07,13.08,13.09,3366,420,301,1413,2376,429,206,93,321,129
sz,000001,2022-12-30 09:36:33,13.05,23,412169,316,-,13.04,13.03,13.02,13.01,13.00,13.05,13.06,13.07,13.08,13.09,3236,420,311,1443,2376,408,109,58,257,110
sz,000001,2022-12-30 09:36:36,13.05,14,298780,229,-,13.04,13.03,13.02,13.01,13.00,13.05,13.06,13.07,13.08,13.09,3181,430,311,1443,2376,256,109,56,257,110
sz,000001,2022-12-30 09:36:39,13.05,11,189284,145,-,13.04,13.03,13.02,13.01,13.00,13.05,13.06,13.07,13.08,13.09,3122,408,311,1443,2393,201,109,56,257,110
sz,000001,2022-12-30 09:36:42,13.05,14,178785,137,-,13.04,13.03,13.02,13.01,13.00,13.05,13.06,13.07,13.08,13.09,3122,408,316,1493,2393,186,113,56,257,110
sz,000001,2022-12-30 09:36:45,13.05,32,335383,257,-,13.05,13.04,13.03,13.02,13.01,13.06,13.07,13.08,13.09,13.10,157,3126,402,316,1533,113,56,177,110,372
sz,000001,2022-12-30 09:36:48,13.05,6,40455,31,-,13.05,13.04,13.03,13.02,13.01,13.06,13.07,13.08,13.09,13.10,180,3028,402,316,1533,123,56,177,110,372
sz,000001,2022-12-30 09:36:51,13.06,49,305526,234,-,13.06,13.05,13.04,13.03,13.02,13.07,13.08,13.09,13.10,13.11,89,660,3013,402,319,56,177,110,375,949
sz,000001,2022-12-30 09:36:54,13.06,28,285908,219,-,13.05,13.04,13.03,13.02,13.01,13.06,13.07,13.08,13.09,13.10,589,2933,402,319,1543,69,74,177,110,375
sz,000001,2022-12-30 09:36:57,13.05,2,52202,40,-,13.05,13.04,13.03,13.02,13.01,13.06,13.07,13.08,13.09,13.10,568,2953,402,319,1543,67,56,177,110,375
sz,000001,2022-12-30 09:37:00,13.06,2,14365,11,-,13.05,13.04,13.03,13.02,13.01,13.06,13.07,13.08,13.09,13.10,577,2953,402,319,1543,57,73,177,110,375
sz,000001,2022-12-30 09:37:03,13.06,14,180192,138,-,13.06,13.05,13.04,13.03,13.02,13.07,13.08,13.09,13.10,13.11,32,693,2307,422,322,55,177,109,445,949
sz,000001,2022-12-30 09:37:06,13.06,15,33958,26,-,13.06,13.05,13.04,13.03,13.02,13.07,13.08,13.09,13.10,13.11,439,856,2267,424,322,64,177,109,445,949
sz,000001,2022-12-30 09:37:09,13.07,8,57466,44,-,13.06,13.05,13.04,13.03,13.02,13.07,13.08,13.09,13.10,13.11,562,871,2267,424,334,63,177,109,455,949
sz,000001,2022-12-30 09:37:12,13.08,24,193074,148,-,13.07,13.06,13.05,13.04,13.03,13.08,13.09,13.10,13.11,13.12,542,636,871,2227,424,176,109,455,949,1233
sz,000001,2022-12-30 09:37:15,13.07,22,214459,164,-,13.07,13.06,13.05,13.04,13.03,13.08,13.09,13.10,13.11,13.12,557,657,951,2185,424,65,109,455,949,1233
sz,000001,2022-12-30 09:37:18,13.07,59,801369,613,-,13.07,13.06,13.05,13.04,13.03,13.09,13.10,13.11,13.12,13.13,784,662,1051,2247,424,67,479,949,1233,1481
sz,000001,2022-12-30 09:37:21,13.08,47,415640,318,-,13.07,13.06,13.05,13.04,13.03,13.08,13.09,13.10,13.11,13.12,768,677,1064,2247,424,73,71,476,949,1229
sz,000001,2022-12-30 09:37:24,13.08,16,205316,157,-,13.08,13.07,13.06,13.05,13.04,13.09,13.10,13.11,13.12,13.13,20,743,685,1070,2247,87,476,949,1229,1481
sz,000001,2022-12-30 09:37:27,13.08,22,85020,65,-,13.07,13.06,13.05,13.04,13.03,13.08,13.09,13.10,13.11,13.12,833,712,1100,2210,424,30,119,576,949,1229
sz,000001,2022-12-30 09:37:30,13.09,22,141272,108,-,13.08,13.07,13.06,13.05,13.04,13.09,13.10,13.11,13.12,13.13,382,843,703,1160,2210,111,576,949,1229,1501
sz,000001,2022-12-30 09:37:33,13.08,17,88944,68,-,13.08,13.07,13.06,13.05,13.04,13.09,13.10,13.11,13.12,13.13,452,843,803,1182,2210,124,576,949,1229,1501
sz,000001,2022-12-30 09:37:36,13.08,20,95496,73,-,13.08,13.07,13.06,13.05,13.04,13.09,13.10,13.11,13.12,13.13,420,838,735,1240,2220,113,576,969,1233,1501
sz,000001,2022-12-30 09:37:39,13.08,8,146497,112,-,13.08,13.07,13.06,13.05,13.04,13.09,13.10,13.11,13.12,13.13,448,838,694,1258,2220,112,576,969,1233,1501
sz,000001,2022-12-30 09:37:42,13.08,29,657974,503,-,13.07,13.06,13.05,13.04,13.03,13.08,13.09,13.10,13.11,13.12,837,694,1245,2225,428,386,65,587,999,1306
sz,000001,2022-12-30 09:37:45,13.08,26,674941,516,-,13.07,13.06,13.05,13.04,13.03,13.09,13.10,13.11,13.12,13.13,847,697,1266,2245,438,47,628,999,1306,1491
sz,000001,2022-12-30 09:37:48,13.09,12,103360,79,-,13.08,13.07,13.06,13.05,13.04,13.09,13.10,13.11,13.12,13.13,3,836,697,1266,2245,67,614,999,1232,1491
sz,000001,2022-12-30 09:37:51,13.08,7,37960,29,-,13.08,13.07,13.06,13.05,13.04,13.09,13.10,13.11,13.12,13.13,11,836,712,1281,2245,39,564,1008,1232,1491
sz,000001,2022-12-30 09:37:54,13.09,7,22240,17,-,13.08,13.07,13.06,13.05,13.04,13.09,13.10,13.11,13.12,13.13,96,836,771,1281,2245,142,564,1008,1232,1491
sz,000001,2022-12-30 09:37:57,13.09,12,51041,39,-,13.08,13.07,13.06,13.05,13.04,13.09,13.10,13.11,13.12,13.13,311,836,771,1281,2245,164,564,1008,1261,1505
sz,000001,2022-12-30 09:38:00,13.1,33,1058314,808,-,13.10,13.09,13.08,13.07,13.06,13.11,13.12,13.13,13.14,13.15,1193,251,420,833,871,1017,1261,1505,2675,4807
sz,000001,2022-12-30 09:38:03,13.1,30,1949088,1488,-,13.09,13.08,13.07,13.06,13.05,13.10,13.11,13.12,13.13,13.14,61,455,833,850,1200,188,989,1241,1505,2675
sz,000001,2022-12-30 09:38:06,13.09,3,10478,8,-,13.09,13.08,13.07,13.06,13.05,13.10,13.11,13.12,13.13,13.14,18,452,823,850,1004,262,1037,1241,1505,2674
sz,000001,2022-12-30 09:38:09,13.08,44,289217,221,-,13.08,13.07,13.06,13.05,13.04,13.09,13.10,13.11,13.12,13.13,448,823,844,1034,2283,26,3768,1110,1241,1606
sz,000001,2022-12-30 09:38:12,13.08,43,134776,103,-,13.08,13.07,13.06,13.05,13.04,13.09,13.10,13.11,13.12,13.13,260,823,854,1034,2283,53,3632,1106,1249,1603
sz,000001,2022-12-30 09:38:15,13.09,23,141274,108,-,13.08,13.07,13.06,13.05,13.04,13.09,13.10,13.11,13.12,13.13,408,803,848,1036,2283,454,3673,1068,1269,1671
sz,000001,2022-12-30 09:38:18,13.08,11,60168,46,-,13.08,13.07,13.06,13.05,13.04,13.09,13.10,13.11,13.12,13.13,751,894,862,1037,2283,445,3679,1068,1269,1691
sz,000001,2022-12-30 09:38:21,13.08,10,30092,23,-,13.08,13.07,13.06,13.05,13.04,13.09,13.10,13.11,13.12,13.13,763,894,862,974,2283,519,3679,1068,1269,1691
sz,000001,2022-12-30 09:38:24,13.08,7,87636,67,-,13.08,13.07,13.06,13.05,13.04,13.09,13.10,13.11,13.12,13.13,767,894,862,974,2283,551,3679,1068,1269,1691
sz,000001,2022-12-30 09:38:27,13.08,7,43164,33,-,13.08,13.07,13.06,13.05,13.04,13.09,13.10,13.11,13.12,13.13,901,894,906,1069,2283,565,3679,994,1269,1699
sz,000001,2022-12-30 09:38:30,13.08,13,163554,125,-,13.08,13.07,13.06,13.05,13.04,13.09,13.10,13.11,13.12,13.13,830,904,910,1069,2283,527,3684,994,1274,1699
sz,000001,2022-12-30 09:38:33,13.08,12,64117,49,-,13.08,13.07,13.06,13.05,13.04,13.09,13.10,13.11,13.12,13.13,806,904,884,1078,2373,583,3684,1004,1274,1699
sz,000001,2022-12-30 09:38:36,13.08,7,32710,25,-,13.08,13.07,13.06,13.05,13.04,13.09,13.10,13.11,13.12,13.13,815,904,884,1078,2373,706,3684,1004,1274,1699
sz,000001,2022-12-30 09:38:39,13.09,3,49735,38,-,13.08,13.07,13.06,13.05,13.04,13.09,13.10,13.11,13.12,13.13,818,904,889,1093,2373,717,3686,1004,1274,1699
sz,000001,2022-12-30 09:38:42,13.08,30,200124,153,-,13.08,13.07,13.06,13.05,13.04,13.09,13.10,13.11,13.12,13.13,667,904,919,1093,2373,763,3686,1004,1315,1699
sz,000001,2022-12-30 09:38:45,13.08,113,1257451,961,-,13.08,13.07,13.06,13.05,13.04,13.09,13.10,13.11,13.12,13.13,179,804,919,1123,2373,836,3686,1004,1315,1704
sz,000001,2022-12-30 09:38:48,13.08,17,268140,205,-,13.07,13.06,13.05,13.04,13.03,13.08,13.09,13.10,13.11,13.12,385,927,1123,2373,413,409,448,3686,1004,1315
sz,000001,2022-12-30 09:38:51,13.08,27,681063,521,-,13.06,13.05,13.04,13.03,13.02,13.08,13.09,13.10,13.11,13.12,911,1124,2374,414,389,74,382,3687,1005,1316
sz,000001,2022-12-30 09:38:54,13.09,57,1408868,1078,-,13.06,13.05,13.04,13.03,13.02,13.09,13.10,13.11,13.12,13.13,349,1144,2374,412,419,215,3707,1004,1316,1719
sz,000001,2022-12-30 09:38:57,13.06,3,33959,26,-,13.06,13.05,13.04,13.03,13.02,13.07,13.08,13.09,13.10,13.11,348,1154,2374,412,419,46,28,392,3707,1004
sz,000001,2022-12-30 09:39:00,13.09,12,120300,92,-,13.07,13.06,13.05,13.04,13.03,13.09,13.10,13.11,13.12,13.13,11,369,1154,2374,412,429,3701,1004,1316,1719
sz,000001,2022-12-30 09:39:03,13.06,9,31361,24,-,13.06,13.05,13.04,13.03,13.02,13.07,13.08,13.09,13.10,13.11,368,1156,2374,432,420,11,210,530,3703,1003
sz,000001,2022-12-30 09:39:06,13.07,2,2613,2,-,13.06,13.05,13.04,13.03,13.02,13.07,13.08,13.09,13.10,13.11,411,1126,2374,432,420,28,243,529,3703,1003
sz,000001,2022-12-30 09:39:09,13.07,12,206375,158,-,13.06,13.05,13.04,13.03,13.02,13.07,13.08,13.09,13.10,13.11,330,1126,2377,432,420,14,238,501,3703,1003
sz,000001,2022-12-30 09:39:12,13.06,1,2612,2,-,13.06,13.05,13.04,13.03,13.02,13.07,13.08,13.09,13.10,13.11,345,1141,2377,425,420,14,238,521,3703,973
sz,000001,2022-12-30 09:39:15,13.07,15,138440,106,-,13.06,13.05,13.04,13.03,13.02,13.07,13.08,13.09,13.10,13.11,260,1150,2377,425,420,11,238,521,3703,973
sz,000001,2022-12-30 09:39:18,13.09,43,1211621,926,-,13.07,13.06,13.05,13.04,13.03,13.09,13.10,13.11,13.12,13.13,772,235,1150,2387,425,1043,3764,973,1336,1750
sz,000001,2022-12-30 09:39:21,13.08,4,7846,6,-,13.07,13.06,13.05,13.04,13.03,13.08,13.09,13.10,13.11,13.12,771,237,1160,2387,425,12,366,3703,973,1336
sz,000001,2022-12-30 09:39:24,13.07,6,90249,69,-,13.07,13.06,13.05,13.04,13.03,13.08,13.09,13.10,13.11,13.12,788,270,1160,2387,425,608,173,3703,958,1336
sz,000001,2022-12-30 09:39:27,13.08,4,30066,23,-,13.07,13.06,13.05,13.04,13.03,13.08,13.09,13.10,13.11,13.12,802,285,1195,2387,425,688,151,3703,958,1336
sz,000001,2022-12-30 09:39:30,13.08,4,45751,35,-,13.07,13.06,13.05,13.04,13.03,13.08,13.09,13.10,13.11,13.12,785,304,1195,2387,425,700,271,3703,958,1336
sz,000001,2022-12-30 09:39:33,13.08,4,258789,198,-,13.07,13.06,13.05,13.04,13.03,13.08,13.09,13.10,13.11,13.12,590,304,1195,2387,425,690,276,3703,958,1336
sz,000001,2022-12-30 09:39:36,13.07,25,850903,651,-,13.06,13.05,13.04,13.03,13.02,13.07,13.08,13.09,13.10,13.11,316,1245,2387,425,1229,4411,712,274,3690,958
sz,000001,2022-12-30 09:39:39,13.06,15,318782,244,-,13.06,13.05,13.04,13.03,13.02,13.07,13.08,13.09,13.10,13.11,195,1252,2387,425,1230,5034,712,274,3690,958
sz,000001,2022-12-30 09:39:42,13.06,25,150230,115,-,13.06,13.05,13.04,13.03,13.02,13.07,13.08,13.09,13.10,13.11,75,1252,2394,425,1230,5113,712,274,3706,958
sz,000001,2022-12-30 09:39:45,13.06,11,130608,100,-,13.06,13.05,13.04,13.03,13.02,13.07,13.08,13.09,13.10,13.11,52,1242,2394,425,1230,5126,648,271,3706,958
sz,000001,2022-12-30 09:39:48,13.05,6,92717,71,-,13.05,13.04,13.03,13.02,13.01,13.06,13.07,13.08,13.09,13.10,1234,2394,425,1230,1515,72,5074,630,271,3706
sz,000001,2022-12-30 09:39:51,13.06,8,70503,54,-,13.05,13.04,13.03,13.02,13.01,13.06,13.07,13.08,13.09,13.10,1218,2395,425,1230,1516,117,5037,630,271,3701
sz,000001,2022-12-30 09:39:54,13.05,4,362790,278,-,13.05,13.04,13.03,13.02,13.01,13.06,13.07,13.08,13.09,13.10,910,2395,429,1230,1516,162,5037,630,271,3706
sz,000001,2022-12-30 09:39:57,13.05,7,123975,95,-,13.05,13.04,13.03,13.02,13.01,13.06,13.07,13.08,13.09,13.10,827,2395,430,1230,1516,188,5037,82,271,3706
sz,000001,2022-12-30 09:40:00,13.06,4,45694,35,-,13.05,13.04,13.03,13.02,13.01,13.06,13.07,13.08,13.09,13.10,814,2385,430,1230,1536,274,5037,82,271,3706
sz,000001,2022-12-30 09:40:03,13.06,20,248087,190,-,13.05,13.04,13.03,13.02,13.01,13.06,13.07,13.08,13.09,13.10,913,2402,430,1230,1536,185,5037,82,271,3711
sz,000001,2022-12-30 09:40:06,13.06,45,659214,505,-,13.06,13.05,13.04,13.03,13.02,13.07,13.08,13.09,13.10,13.11,56,598,2383,430,1260,5037,82,271,3711,958
sz,000001,2022-12-30 09:40:09,13.06,12,97960,75,-,13.06,13.05,13.04,13.03,13.02,13.07,13.08,13.09,13.10,13.11,57,668,2383,440,1260,4363,82,273,3711,958
sz,000001,2022-12-30 09:40:12,13.06,1,1306,1,-,13.06,13.05,13.04,13.03,13.02,13.07,13.08,13.09,13.10,13.11,71,766,2383,440,460,4363,82,273,3716,959
sz,000001,2022-12-30 09:40:15,13.06,8,87503,67,-,13.06,13.05,13.04,13.03,13.02,13.07,13.08,13.09,13.10,13.11,161,770,2383,450,460,4353,82,273,3726,959
sz,000001,2022-12-30 09:40:18,13.07,32,733597,562,-,13.06,13.05,13.04,13.03,13.02,13.07,13.08,13.09,13.10,13.11,37,440,2383,433,460,4341,82,197,3731,959
sz,000001,2022-12-30 09:40:21,13.07,2,7842,6,-,13.06,13.05,13.04,13.03,13.02,13.07,13.08,13.09,13.10,13.11,62,447,2383,433,490,4335,82,197,3731,959
sz,000001,2022-12-30 09:40:24,13.06,9,75768,58,-,13.06,13.05,13.04,13.03,13.02,13.07,13.08,13.09,13.10,13.11,89,483,2386,431,490,4317,62,202,3731,959
sz,000001,2022-12-30 09:40:27,13.06,12,105796,81,-,13.06,13.05,13.04,13.03,13.02,13.07,13.08,13.09,13.10,13.11,70,476,2386,431,490,4343,64,202,3766,959
sz,000001,2022-12-30 09:40:30,13.06,11,148864,114,-,13.05,13.04,13.03,13.02,13.01,13.06,13.07,13.08,13.09,13.10,703,2387,431,490,1551,672,4374,64,202,3766
sz,000001,2022-12-30 09:40:33,13.06,8,449263,344,-,13.05,13.04,13.03,13.02,13.01,13.06,13.07,13.08,13.09,13.10,845,2387,431,490,1551,330,4373,64,187,3766
sz,000001,2022-12-30 09:40:36,13.06,10,113622,87,-,13.05,13.04,13.03,13.02,13.01,13.06,13.07,13.08,13.09,13.10,875,2387,431,499,1551,243,4373,64,187,3773
sz,000001,2022-12-30 09:40:39,13.06,12,150190,115,-,13.05,13.04,13.03,13.02,13.01,13.06,13.07,13.08,13.09,13.10,911,2387,451,499,1551,140,4373,64,207,3776
sz,000001,2022-12-30 09:40:42,13.06,15,86179,66,-,13.05,13.04,13.03,13.02,13.01,13.06,13.07,13.08,13.09,13.10,894,2387,451,499,1551,98,4373,64,207,3776
sz,000001,2022-12-30 09:40:45,13.06,4,14366,11,-,13.05,13.04,13.03,13.02,13.01,13.06,13.07,13.08,13.09,13.10,904,2394,451,499,1551,87,4373,64,207,3776
sz,000001,2022-12-30 09:40:48,13.06,66,1462883,1121,-,13.05,13.04,13.03,13.02,13.01,13.06,13.07,13.08,13.09,13.10,93,2278,447,499,1551,16,4373,64,227,3776
sz,000001,2022-12-30 09:40:51,13.05,19,105718,81,-,13.05,13.04,13.03,13.02,13.01,13.06,13.07,13.08,13.09,13.10,48,2278,447,469,1551,59,4373,84,227,3776
sz,000001,2022-12-30 09:40:54,13.06,34,160555,123,-,13.05,13.04,13.03,13.02,13.01,13.06,13.07,13.08,13.09,13.10,25,2278,447,469,1551,85,4373,84,242,3781
sz,000001,2022-12-30 09:40:57,13.05,16,62640,48,-,13.04,13.03,13.02,13.01,13.00,13.05,13.06,13.07,13.08,13.09,2278,447,469,1561,2570,3,250,4373,84,238
sz,000001,2022-12-30 09:41:00,13.06,10,50913,39,-,13.04,13.03,13.02,13.01,13.00,13.05,13.06,13.07,13.08,13.09,2325,447,476,1561,2575,1,241,4373,84,238
sz,000001,2022-12-30 09:41:03,13.04,24,304260,233,-,13.04,13.03,13.02,13.01,13.00,13.06,13.07,13.08,13.09,13.10,2327,447,476,1561,2575,82,4373,84,238,3776
sz,000001,2022-12-30 09:41:06,13.04,6,109560,84,-,13.05,13.04,13.03,13.02,13.01,13.06,13.07,13.08,13.09,13.10,2,2269,427,476,1561,83,4373,92,238,3776
sz,000001,2022-12-30 09:41:09,13.05,16,76998,59,-,13.04,13.03,13.02,13.01,13.00,13.05,13.06,13.07,13.08,13.09,2249,434,502,1561,2575,14,86,4363,92,238
sz,000001,2022-12-30 09:41:12,13.04,8,32611,25,-,13.04,13.03,13.02,13.01,13.00,13.05,13.06,13.07,13.08,13.09,2230,435,502,1561,2575,513,67,4385,92,238
sz,000001,2022-12-30 09:41:15,13.05,9,50862,39,-,13.04,13.03,13.02,13.01,13.00,13.05,13.06,13.07,13.08,13.09,2210,435,502,1561,2577,518,69,4385,92,236
sz,000001,2022-12-30 09:41:18,13.05,10,44354,34,-,13.04,13.03,13.02,13.01,13.00,13.05,13.06,13.07,13.08,13.09,2209,438,502,1561,2577,521,79,4385,92,242
sz,000001,2022-12-30 09:41:21,13.04,8,182679,140,-,13.04,13.03,13.02,13.01,13.00,13.05,13.06,13.07,13.08,13.09,2189,438,502,1561,2577,411,79,4385,92,242
sz,000001,2022-12-30 09:41:24,13.05,14,227012,174,-,13.04,13.03,13.02,13.01,13.00,13.05,13.06,13.07,13.08,13.09,2146,448,513,1561,2577,315,105,4385,92,242
sz,000001,2022-12-30 09:41:27,13.04,19,451257,346,-,13.04,13.03,13.02,13.01,13.00,13.05,13.06,13.07,13.08,13.09,1910,456,533,1561,2577,277,126,4385,92,142
sz,000001,2022-12-30 09:41:30,13.05,17,125238,96,-,13.04,13.03,13.02,13.01,13.00,13.05,13.06,13.07,13.08,13.09,1936,456,533,1561,2597,225,126,4385,92,142
sz,000001,2022-12-30 09:41:33,13.05,5,41747,32,-,13.04,13.03,13.02,13.01,13.00,13.05,13.06,13.07,13.08,13.09,1927,456,533,1561,2593,282,126,4385,92,142
sz,000001,2022-12-30 09:41:36,13.05,2,14355,11,-,13.04,13.03,13.02,13.01,13.00,13.05,13.06,13.07,13.08,13.09,1931,456,533,1563,2593,301,126,4387,92,142
sz,000001,2022-12-30 09:41:39,13.04,4,26091,20,-,13.04,13.03,13.02,13.01,13.00,13.05,13.06,13.07,13.08,13.09,1932,456,593,1563,2593,314,146,4387,92,142
sz,000001,2022-12-30 09:41:42,13.04,5,15654,12,-,13.04,13.03,13.02,13.01,13.00,13.05,13.06,13.07,13.08,13.09,1956,456,613,1563,2593,310,146,4387,92,152
sz,000001,2022-12-30 09:41:45,13.03,84,2623634,2012,-,13.03,13.02,13.01,13.00,12.99,13.04,13.05,13.06,13.07,13.08,444,613,1563,2593,416,111,456,196,4387,92
sz,000001,2022-12-30 09:41:48,13.03,48,365051,280,-,13.03,13.02,13.01,13.00,12.99,13.04,13.05,13.06,13.07,13.08,378,623,1563,2593,417,45,434,196,4359,92
sz,000001,2022-12-30 09:41:51,13.04,11,100367,77,-,13.03,13.02,13.01,13.00,12.99,13.04,13.05,13.06,13.07,13.08,347,620,1563,2593,417,55,434,219,4337,92
sz,000001,2022-12-30 09:41:54,13.03,10,89915,69,-,13.03,13.02,13.01,13.00,12.99,13.04,13.05,13.06,13.07,13.08,266,607,1564,2603,417,80,434,219,4337,92
sz,000001,2022-12-30 09:41:57,13.03,12,67775,52,-,13.03,13.02,13.01,13.00,12.99,13.04,13.05,13.06,13.07,13.08,278,607,1564,2605,417,117,434,219,4337,92
sz,000001,2022-12-30 09:42:00,13.04,37,314046,241,-,13.03,13.02,13.01,13.00,12.99,13.04,13.05,13.06,13.07,13.08,89,607,1569,2605,417,163,434,219,4337,92
sz,000001,2022-12-30 09:42:03,13.03,36,701350,538,-,13.03,13.02,13.01,13.00,12.99,13.04,13.05,13.06,13.07,13.08,77,624,1609,2623,417,1,371,219,4336,92
sz,000001,2022-12-30 09:42:06,13.05,4,71750,55,-,13.03,13.02,13.01,13.00,12.99,13.04,13.05,13.06,13.07,13.08,152,624,1617,2623,417,20,341,418,4336,92
sz,000001,2022-12-30 09:42:09,13.04,6,109533,84,-,13.04,13.03,13.02,13.01,13.00,13.05,13.06,13.07,13.08,13.09,33,275,624,1591,2615,335,418,4336,92,151
sz,000001,2022-12-30 09:42:12,13.05,135,6777973,5187,-,13.05,13.04,13.03,13.02,13.01,13.07,13.08,13.09,13.10,13.11,290,95,289,644,1598,217,72,147,224,904
sz,000001,2022-12-30 09:42:15,13.06,92,898116,687,-,13.06,13.05,13.04,13.03,13.02,13.08,13.09,13.10,13.11,13.12,6,191,103,329,644,262,242,324,1055,1367
sz,000001,2022-12-30 09:42:18,13.05,29,151460,116,-,13.05,13.04,13.03,13.02,13.01,13.06,13.08,13.09,13.10,13.11,152,123,348,707,1634,132,267,255,324,1056
sz,000001,2022-12-30 09:42:21,13.05,77,519618,398,-,13.05,13.04,13.03,13.02,13.01,13.06,13.08,13.09,13.10,13.11,73,343,368,712,1665,8,264,286,324,1056
sz,000001,2022-12-30 09:42:24,13.06,11,69218,53,-,13.05,13.04,13.03,13.02,13.01,13.06,13.07,13.08,13.09,13.10,73,351,352,712,1670,32,1,271,286,724
sz,000001,2022-12-30 09:42:27,13.05,6,100473,77,-,13.04,13.03,13.02,13.01,13.00,13.05,13.06,13.07,13.08,13.09,360,352,792,1670,3157,66,73,101,271,273
sz,000001,2022-12-30 09:42:30,13.05,7,117450,90,-,13.04,13.03,13.02,13.01,13.00,13.05,13.06,13.07,13.08,13.09,443,341,806,1670,3358,53,55,106,292,278
sz,000001,2022-12-30 09:42:33,13.05,4,15660,12,-,13.04,13.03,13.02,13.01,13.00,13.05,13.06,13.07,13.08,13.09,560,484,906,1674,3383,33,65,150,292,278
sz,000001,2022-12-30 09:42:36,13.05,12,189233,145,-,13.04,13.03,13.02,13.01,13.00,13.05,13.06,13.07,13.08,13.09,744,479,906,1674,3387,415,48,170,292,278
sz,000001,2022-12-30 09:42:39,13.05,8,52185,40,-,13.04,13.03,13.02,13.01,13.00,13.05,13.06,13.07,13.08,13.09,729,521,959,1678,3390,402,72,170,292,278
sz,000001,2022-12-30 09:42:42,13.04,1,1304,1,-,13.04,13.03,13.02,13.01,13.00,13.05,13.06,13.07,13.08,13.09,738,546,969,1698,3390,452,73,178,292,278
sz,000001,2022-12-30 09:42:45,13.04,33,204728,157,-,13.04,13.03,13.02,13.01,13.00,13.05,13.06,13.07,13.08,13.09,581,546,1001,1698,3390,453,73,178,292,278
sz,000001,2022-12-30 09:42:48,13.03,79,1299799,997,-,13.03,13.02,13.01,13.00,12.99,13.04,13.05,13.06,13.07,13.08,232,1003,1698,3415,455,122,426,73,178,292
sz,000001,2022-12-30 09:42:51,13.04,1,131704,101,-,13.03,13.02,13.01,13.00,12.99,13.04,13.05,13.06,13.07,13.08,282,1001,1691,3415,456,65,446,73,178,292
sz,000001,2022-12-30 09:42:54,13.04,5,37816,29,-,13.03,13.02,13.01,13.00,12.99,13.04,13.05,13.06,13.07,13.08,282,1001,1691,3415,456,100,449,73,178,292
sz,000001,2022-12-30 09:42:57,13.04,3,7821,6,-,13.03,13.02,13.01,13.00,12.99,13.04,13.05,13.06,13.07,13.08,299,1001,1691,3415,456,159,449,73,178,292
sz,000001,2022-12-30 09:43:00,13.04,17,277752,213,-,13.03,13.02,13.01,13.00,12.99,13.04,13.05,13.06,13.07,13.08,370,1042,1691,3415,456,36,449,73,178,312
sz,000001,2022-12-30 09:43:03,13.04,16,119977,92,-,13.04,13.03,13.02,13.01,13.00,13.05,13.06,13.07,13.08,13.09,3,353,1092,1691,3415,422,73,178,312,651
sz,000001,2022-12-30 09:43:06,13.04,8,36503,28,-,13.03,13.02,13.01,13.00,12.99,13.04,13.05,13.06,13.07,13.08,394,1092,1691,3513,456,80,390,73,178,312
sz,000001,2022-12-30 09:43:09,13.04,6,16952,13,-,13.03,13.02,13.01,13.00,12.99,13.04,13.05,13.06,13.07,13.08,419,1092,1692,3521,476,159,390,73,178,312
sz,000001,2022-12-30 09:43:12,13.03,30,254260,195,-,13.03,13.02,13.01,13.00,12.99,13.04,13.05,13.06,13.07,13.08,426,1092,1737,3521,526,39,390,73,178,312
sz,000001,2022-12-30 09:43:15,13.05,4,136946,105,-,13.04,13.03,13.02,13.01,13.00,13.05,13.06,13.07,13.08,13.09,2,539,1092,1734,3521,364,74,178,312,651
sz,000001,2022-12-30 09:43:18,13.04,5,26089,20,-,13.04,13.03,13.02,13.01,13.00,13.05,13.06,13.07,13.08,13.09,16,543,1092,1734,3521,355,69,170,312,651
sz,000001,2022-12-30 09:43:21,13.04,35,1337517,1024,-,13.04,13.03,13.02,13.01,13.00,13.06,13.07,13.08,13.09,13.10,38,565,1093,1733,3521,631,2088,312,651,1511
sz,000001,2022-12-30 09:43:24,13.03,16,230982,177,-,13.03,13.02,13.01,13.00,12.99,13.06,13.07,13.08,13.09,13.10,589,1093,1733,3521,525,436,1155,312,651,1511
sz,000001,2022-12-30 09:43:27,13.05,12,296072,227,-,13.04,13.03,13.02,13.01,13.00,13.05,13.06,13.07,13.08,13.09,49,609,1083,1733,3547,8,421,1054,312,651
sz,000001,2022-12-30 09:43:30,13.06,11,73076,56,-,13.04,13.03,13.02,13.01,13.00,13.06,13.07,13.08,13.09,13.10,103,820,1091,1733,3557,400,1054,312,651,1511
sz,000001,2022-12-30 09:43:33,13.05,1,5220,4,-,13.04,13.03,13.02,13.01,13.00,13.05,13.06,13.07,13.08,13.09,103,789,1096,1735,3608,1,404,1054,312,651
sz,000001,2022-12-30 09:43:36,13.05,3,14355,11,-,13.05,13.04,13.03,13.02,13.01,13.06,13.07,13.08,13.09,13.10,49,134,965,1096,2335,13,786,322,654,2011
sz,000001,2022-12-30 09:43:39,13.06,4,30021,23,-,13.05,13.04,13.03,13.02,13.01,13.06,13.07,13.08,13.09,13.10,36,170,965,1096,2335,7,518,322,654,2016
sz,000001,2022-12-30 09:43:42,13.05,7,56115,43,-,13.04,13.03,13.02,13.01,13.00,13.05,13.06,13.07,13.08,13.09,158,1013,1096,2343,3623,5066,84,518,322,654
sz,000001,2022-12-30 09:43:45,13.05,8,223030,171,-,13.04,13.03,13.02,13.01,13.00,13.05,13.06,13.07,13.08,13.09,33,1084,1079,2343,3653,5023,78,518,322,807
sz,000001,2022-12-30 09:43:48,13.05,4,133110,102,-,13.04,13.03,13.02,13.01,13.00,13.05,13.06,13.07,13.08,13.09,66,1109,1079,1743,3654,4940,79,518,345,807
sz,000001,2022-12-30 09:43:51,13.04,6,133020,102,-,13.03,13.02,13.01,13.00,12.99,13.04,13.05,13.06,13.07,13.08,1141,1079,1743,3684,550,115,4950,110,518,345
sz,000001,2022-12-30 09:43:54,13.04,5,32593,25,-,13.03,13.02,13.01,13.00,12.99,13.04,13.05,13.06,13.07,13.08,1135,1129,1743,3684,551,102,4924,110,518,345
sz,000001,2022-12-30 09:43:57,13.04,7,134312,103,-,13.04,13.03,13.02,13.01,13.00,13.05,13.06,13.07,13.08,13.09,1,1140,1129,1743,3684,4924,110,518,365,787
sz,000001,2022-12-30 09:44:00,13.04,4,49566,38,-,13.04,13.03,13.02,13.01,13.00,13.05,13.06,13.07,13.08,13.09,15,1143,1129,1743,3709,4960,110,518,365,787
sz,000001,2022-12-30 09:44:03,13.04,114,262000,201,-,13.04,13.03,13.02,13.01,13.00,13.05,13.06,13.07,13.08,13.09,8,1039,1119,1739,3709,4985,72,518,365,782
sz,000001,2022-12-30 09:44:06,13.03,57,181243,139,-,13.03,13.02,13.01,13.00,12.99,13.05,13.06,13.07,13.08,13.09,1017,1129,1737,3709,552,4982,72,518,365,786
sz,000001,2022-12-30 09:44:09,13.05,18,109543,84,-,13.03,13.02,13.01,13.00,12.99,13.04,13.05,13.06,13.07,13.08,1013,1149,1737,3718,552,38,4967,72,518,345
sz,000001,2022-12-30 09:44:12,13.04,8,56071,43,-,13.03,13.02,13.01,13.00,12.99,13.04,13.05,13.06,13.07,13.08,1013,1149,1737,3728,552,34,4967,110,518,345
sz,000001,2022-12-30 09:44:15,13.03,9,91265,70,-,13.03,13.02,13.01,13.00,12.99,13.04,13.05,13.06,13.07,13.08,1209,1149,1737,3725,552,2,4965,60,518,345
sz,000001,2022-12-30 09:44:18,13.05,3,20874,16,-,13.04,13.03,13.02,13.01,13.00,13.05,13.06,13.07,13.08,13.09,37,1221,1150,1737,3725,4934,68,518,345,786
sz,000001,2022-12-30 09:44:21,13.03,13,74319,57,-,13.03,13.02,13.01,13.00,12.99,13.04,13.05,13.06,13.07,13.08,1245,1150,1737,3695,562,1,4942,68,112,335
sz,000001,2022-12-30 09:44:24,13.03,48,1235338,948,-,13.04,13.03,13.02,13.01,13.00,13.05,13.06,13.07,13.08,13.09,2,409,1155,1745,3696,4927,68,112,335,786
sz,000001,2022-12-30 09:44:27,13.04,31,206026,158,-,13.03,13.02,13.01,13.00,12.99,13.04,13.05,13.06,13.07,13.08,474,1135,1745,3724,562,100,4928,68,112,335
sz,000001,2022-12-30 09:44:30,13.04,13,103006,79,-,13.03,13.02,13.01,13.00,12.99,13.04,13.05,13.06,13.07,13.08,512,1137,1745,3724,562,32,4958,68,112,335
sz,000001,2022-12-30 09:44:33,13.04,15,140837,108,-,13.04,13.03,13.02,13.01,13.00,13.05,13.06,13.07,13.08,13.09,541,514,1137,1745,3734,5023,68,122,335,1001
sz,000001,2022-12-30 09:44:36,13.05,7,749789,575,-,13.03,13.02,13.01,13.00,12.99,13.05,13.06,13.07,13.08,13.09,500,1137,1745,3754,562,5033,68,122,335,1001
sz,000001,2022-12-30 09:44:39,13.04,19,243887,187,-,13.03,13.02,13.01,13.00,12.99,13.04,13.05,13.06,13.07,13.08,470,1137,1745,3768,562,7,4945,68,122,335
sz,000001,2022-12-30 09:44:42,13.05,2,18263,14,-,13.03,13.02,13.01,13.00,12.99,13.05,13.06,13.07,13.08,13.09,505,1142,1760,3786,562,4940,68,156,335,1001
sz,000001,2022-12-30 09:44:45,13.05,3,53489,41,-,13.03,13.02,13.01,13.00,12.99,13.05,13.06,13.07,13.08,13.09,597,1192,1760,3786,512,4917,68,156,335,1001
sz,000001,2022-12-30 09:44:48,13.05,2,27405,21,-,13.04,13.03,13.02,13.01,13.00,13.05,13.06,13.07,13.08,13.09,365,658,1192,1760,3796,4896,68,156,335,1001
sz,000001,2022-12-30 09:44:54,13.05,8,37835,29,-,13.04,13.03,13.02,13.01,13.00,13.05,13.06,13.07,13.08,13.09,470,747,1191,1760,3787,4890,68,162,335,1001
sz,000001,2022-12-30 09:44:57,13.04,11,572856,439,-,13.04,13.03,13.02,13.01,13.00,13.05,13.06,13.07,13.08,13.09,517,808,1191,1760,3687,4525,83,162,345,1001
sz,000001,2022-12-30 09:45:00,13.04,4,187825,144,-,13.04,13.03,13.02,13.01,13.00,13.05,13.06,13.07,13.08,13.09,478,818,1171,1763,3697,4468,83,162,345,1001
sz,000001,2022-12-30 09:45:03,13.05,5,106945,82,-,13.04,13.03,13.02,13.01,13.00,13.05,13.06,13.07,13.08,13.09,418,905,1141,1763,3697,4471,83,162,350,1001
sz,000001,2022-12-30 09:45:06,13.05,8,44363,34,-,13.04,13.03,13.02,13.01,13.00,13.05,13.06,13.07,13.08,13.09,418,933,1141,1783,3697,4444,81,162,350,1001
sz,000001,2022-12-30 09:45:09,13.04,2,22180,17,-,13.04,13.03,13.02,13.01,13.00,13.05,13.06,13.07,13.08,13.09,443,944,1161,1793,3697,4482,81,162,350,1001
sz,000001,2022-12-30 09:45:12,13.04,21,182640,140,-,13.04,13.03,13.02,13.01,13.00,13.05,13.06,13.07,13.08,13.09,385,966,1161,1793,3697,4412,81,162,364,1001
sz,000001,2022-12-30 09:45:15,13.04,18,76952,59,-,13.04,13.03,13.02,13.01,13.00,13.05,13.06,13.07,13.08,13.09,342,966,1181,1793,3697,4398,81,162,364,1001
sz,000001,2022-12-30 09:45:18,13.03,45,687034,527,-,13.03,13.02,13.01,13.00,12.99,13.04,13.05,13.06,13.07,13.08,745,1181,1793,3747,512,123,4430,81,162,364
sz,000001,2022-12-30 09:45:21,13.04,15,96493,74,-,13.03,13.02,13.01,13.00,12.99,13.04,13.05,13.06,13.07,13.08,750,1181,1793,3780,512,87,4416,77,162,364
sz,000001,2022-12-30 09:45:24,13.04,12,136820,105,-,13.03,13.02,13.01,13.00,12.99,13.04,13.05,13.06,13.07,13.08,665,1181,1793,3770,512,102,4416,77,162,364
sz,000001,2022-12-30 09:45:27,13.03,6,157677,121,-,13.03,13.02,13.01,13.00,12.99,13.04,13.05,13.06,13.07,13.08,634,1181,1783,3770,517,123,4366,77,162,364
sz,000001,2022-12-30 09:45:30,13.04,13,57365,44,-,13.03,13.02,13.01,13.00,12.99,13.04,13.05,13.06,13.07,13.08,601,1165,1783,3770,517,133,4365,77,162,364
sz,000001,2022-12-30 09:45:33,13.03,1,6515,5,-,13.03,13.02,13.01,13.00,12.99,13.04,13.05,13.06,13.07,13.08,649,1165,1783,3770,517,163,4365,77,162,357
sz,000001,2022-12-30 09:45:36,13.03,23,53443,41,-,13.03,13.02,13.01,13.00,12.99,13.04,13.05,13.06,13.07,13.08,653,1165,1783,3770,517,144,4398,77,162,357
sz,000001,2022-12-30 09:45:39,13.03,30,488634,375,-,13.03,13.02,13.01,13.00,12.99,13.04,13.05,13.06,13.07,13.08,1414,1165,1783,3790,517,170,4408,77,162,357
sz,000001,2022-12-30 09:45:42,13.03,32,329861,253,-,13.03,13.02,13.01,13.00,12.99,13.05,13.06,13.07,13.08,13.09,1405,1165,1783,3845,517,4390,77,162,357,1014
sz,000001,2022-12-30 09:45:45,13.05,6,74321,57,-,13.04,13.03,13.02,13.01,13.00,13.05,13.06,13.07,13.08,13.09,18,1399,1165,1799,3845,4374,77,162,357,1014
sz,000001,2022-12-30 09:45:48,13.04,1,9128,7,-,13.04,13.03,13.02,13.01,13.00,13.05,13.06,13.07,13.08,13.09,320,1400,1165,1799,3845,4374,77,162,352,1014
sz,000001,2022-12-30 09:45:51,13.05,1,1305,1,-,13.04,13.03,13.02,13.01,13.00,13.05,13.06,13.07,13.08,13.09,320,1425,1165,1797,3848,4378,77,162,352,1014
sz,000001,2022-12-30 09:45:54,13.04,5,153986,118,-,13.04,13.03,13.02,13.01,13.00,13.05,13.06,13.07,13.08,13.09,334,1427,1165,1797,3848,4269,77,162,352,1014
sz,000001,2022-12-30 09:45:57,13.05,1,23490,18,-,13.04,13.03,13.02,13.01,13.00,13.05,13.06,13.07,13.08,13.09,346,1430,1165,1771,3848,4256,77,162,352,1014
sz,000001,2022-12-30 09:46:00,13.04,4,88680,68,-,13.04,13.03,13.02,13.01,13.00,13.05,13.06,13.07,13.08,13.09,293,1455,1165,1771,3848,4248,97,162,352,1014
sz,000001,2022-12-30 09:46:03,13.05,4,44344,34,-,13.04,13.03,13.02,13.01,13.00,13.05,13.06,13.07,13.08,13.09,327,1418,1165,1771,3848,4247,97,162,352,1014
sz,000001,2022-12-30 09:46:06,13.05,3,15658,12,-,13.04,13.03,13.02,13.01,13.00,13.05,13.06,13.07,13.08,13.09,336,1418,1165,1771,3853,4241,97,162,352,1014
sz,000001,2022-12-30 09:46:09,13.05,6,241385,185,-,13.04,13.03,13.02,13.01,13.00,13.05,13.06,13.07,13.08,13.09,366,1418,1165,1771,3902,4117,103,95,352,1014
sz,000001,2022-12-30 09:46:12,13.05,2,50895,39,-,13.04,13.03,13.02,13.01,13.00,13.05,13.06,13.07,13.08,13.09,456,1468,1165,1797,3891,4069,103,95,352,1014
sz,000001,2022-12-30 09:46:15,13.05,6,285773,219,-,13.04,13.03,13.02,13.01,13.00,13.05,13.06,13.07,13.08,13.09,440,1495,1165,1797,3891,3915,103,95,352,1014
sz,000001,2022-12-30 09:46:18,13.04,9,313198,240,-,13.04,13.03,13.02,13.01,13.00,13.05,13.06,13.07,13.08,13.09,510,1495,1185,1797,3909,3601,123,95,352,1014
sz,000001,2022-12-30 09:46:21,13.06,143,4918838,3769,-,13.06,13.05,13.04,13.03,13.02,13.07,13.08,13.09,13.10,13.11,201,4073,651,2352,1185,112,150,916,1529,1070
sz,000001,2022-12-30 09:46:24,13.07,20,716895,548,-,13.07,13.06,13.05,13.04,13.03,13.09,13.10,13.11,13.12,13.13,715,449,3612,640,2339,575,1442,920,1339,1799
sz,000001,2022-12-30 09:46:27,13.07,172,3767536,2877,-,13.07,13.06,13.05,13.04,13.03,13.10,13.11,13.12,13.13,13.14,751,303,3113,621,2363,365,920,1340,1799,4359
sz,000001,2022-12-30 09:46:30,13.1,77,419170,320,-,13.08,13.07,13.06,13.05,13.04,13.10,13.11,13.12,13.13,13.14,928,613,73,2997,650,65,982,1340,1799,4359
sz,000001,2022-12-30 09:46:33,13.11,25,413994,316,-,13.08,13.07,13.06,13.05,13.04,13.11,13.12,13.13,13.14,13.15,869,84,73,2687,559,810,1330,1800,4359,5458
sz,000001,2022-12-30 09:46:36,13.11,3,51120,39,-,13.10,13.09,13.08,13.07,13.06,13.11,13.12,13.13,13.14,13.15,497,1,868,79,273,776,1330,1800,4364,5458
sz,000001,2022-12-30 09:46:39,13.1,17,141518,108,-,13.10,13.09,13.08,13.07,13.06,13.11,13.12,13.13,13.14,13.15,441,1,824,79,694,742,1330,1797,4365,5459
sz,000001,2022-12-30 09:46:42,13.11,19,211050,161,-,13.10,13.09,13.08,13.07,13.06,13.11,13.12,13.13,13.14,13.15,429,4,811,79,693,892,1330,1797,4395,5459
sz,000001,2022-12-30 09:46:45,13.1,15,89129,68,-,13.10,13.09,13.08,13.07,13.06,13.11,13.12,13.13,13.14,13.15,487,4,811,52,693,888,1360,1797,4395,5459
sz,000001,2022-12-30 09:46:48,13.1,27,296087,226,-,13.10,13.09,13.08,13.07,13.06,13.11,13.12,13.13,13.14,13.15,354,24,763,52,693,922,1420,1797,4395,5459
sz,000001,2022-12-30 09:46:51,13.1,21,133676,102,-,13.10,13.09,13.08,13.07,13.06,13.11,13.12,13.13,13.14,13.15,308,24,763,52,693,998,1420,1800,4399,5459
sz,000001,2022-12-30 09:46:54,13.1,5,26209,20,-,13.10,13.09,13.08,13.07,13.06,13.11,13.12,13.13,13.14,13.15,372,24,763,62,693,1137,1264,1833,4422,5470
sz,000001,2022-12-30 09:46:57,13.1,11,75980,58,-,13.10,13.09,13.08,13.07,13.06,13.11,13.12,13.13,13.14,13.15,367,24,763,62,693,1143,1272,1843,4422,5471
sz,000001,2022-12-30 09:47:00,13.07,114,1882889,1439,-,13.07,13.06,13.05,13.04,13.03,13.08,13.10,13.11,13.12,13.13,38,693,2087,319,1487,6870,122,1275,1281,1999
sz,000001,2022-12-30 09:47:03,13.08,18,477419,365,-,13.07,13.06,13.05,13.04,13.03,13.08,13.09,13.10,13.11,13.12,37,693,2087,340,1491,6524,1,123,1488,1281
sz,000001,2022-12-30 09:47:06,13.08,7,215820,165,-,13.07,13.06,13.05,13.04,13.03,13.08,13.09,13.10,13.11,13.12,57,693,2087,346,1491,6379,1,183,1480,1301
sz,000001,2022-12-30 09:47:09,13.08,24,1366778,1045,-,13.07,13.06,13.05,13.04,13.03,13.08,13.09,13.10,13.11,13.12,110,693,2087,346,1491,5434,1,233,1462,1301
sz,000001,2022-12-30 09:47:12,13.1,158,7248992,5542,-,13.09,13.08,13.07,13.06,13.05,13.10,13.11,13.12,13.13,13.14,10,1848,112,707,2087,389,1155,1321,2002,4311
sz,000001,2022-12-30 09:47:15,13.11,20,814990,622,-,13.08,13.07,13.06,13.05,13.04,13.11,13.12,13.13,13.14,13.15,853,121,723,2087,344,887,1521,2033,4305,5533
sz,000001,2022-12-30 09:47:18,13.09,5,96956,74,-,13.09,13.08,13.07,13.06,13.05,13.10,13.11,13.12,13.13,13.14,341,429,158,723,2116,14,884,1521,2064,4319
sz,000001,2022-12-30 09:47:21,13.1,4,87820,67,-,13.10,13.09,13.08,13.07,13.06,13.11,13.12,13.13,13.14,13.15,1,355,439,158,1314,1014,1521,2061,4319,5516
sz,000001,2022-12-30 09:47:24,13.1,10,17029,13,-,13.10,13.09,13.08,13.07,13.06,13.11,13.12,13.13,13.14,13.15,3,354,439,1105,1314,1015,1521,2074,4349,5517
sz,000001,2022-12-30 09:47:27,13.13,206,6257925,4769,-,13.12,13.11,13.10,13.09,13.08,13.14,13.15,13.16,13.17,13.18,7250,23,4,516,421,4341,5517,6735,675,972
sz,000001,2022-12-30 09:47:30,13.13,40,990484,754,-,13.13,13.12,13.11,13.10,13.09,13.14,13.15,13.16,13.17,13.18,1118,7252,33,5,512,3956,5520,6736,678,972
sz,000001,2022-12-30 09:47:33,13.14,14,404687,308,-,13.13,13.12,13.11,13.10,13.09,13.14,13.15,13.16,13.17,13.18,1113,7252,24,27,512,3647,5523,6736,678,973
sz,000001,2022-12-30 09:47:36,13.13,10,253490,193,-,13.13,13.12,13.11,13.10,13.09,13.14,13.15,13.16,13.17,13.18,1001,7252,24,27,512,3575,5523,6736,678,973
sz,000001,2022-12-30 09:47:39,13.14,12,173369,132,-,13.13,13.12,13.11,13.10,13.09,13.14,13.15,13.16,13.17,13.18,922,7252,10,27,512,3502,5523,6736,678,953
sz,000001,2022-12-30 09:47:42,13.13,28,10830219,8254,-,13.11,13.10,13.09,13.08,13.07,13.13,13.14,13.15,13.16,13.17,471,689,544,394,1117,8,3772,5528,6736,678
sz,000001,2022-12-30 09:47:45,13.14,44,1272722,969,-,13.11,13.10,13.09,13.08,13.07,13.13,13.14,13.15,13.16,13.17,472,704,544,394,1117,60,3136,4935,6731,678
sz,000001,2022-12-30 09:47:48,13.13,5,153621,117,-,13.11,13.10,13.09,13.08,13.07,13.13,13.14,13.15,13.16,13.17,538,704,544,412,1117,22,3145,4997,6731,678
sz,000001,2022-12-30 09:47:51,13.13,70,2195398,1674,-,13.12,13.11,13.10,13.09,13.08,13.13,13.14,13.15,13.16,13.17,12,25,925,544,412,329,3448,5019,6731,678
sz,000001,2022-12-30 09:47:54,13.13,35,286085,218,-,13.12,13.11,13.10,13.09,13.08,13.13,13.14,13.15,13.16,13.17,78,3,975,544,412,434,3480,5025,6731,683
sz,000001,2022-12-30 09:47:57,13.12,10,154842,118,-,13.11,13.10,13.09,13.08,13.07,13.12,13.13,13.14,13.15,13.16,3,975,544,992,1117,4,530,3583,5090,6731
sz,000001,2022-12-30 09:48:00,13.13,11,62993,48,-,13.11,13.10,13.09,13.08,13.07,13.12,13.13,13.14,13.15,13.16,44,969,225,997,1118,24,640,3623,5093,6731
sz,000001,2022-12-30 09:48:03,13.11,9,39330,30,-,13.11,13.10,13.09,13.08,13.07,13.12,13.13,13.14,13.15,13.16,14,969,225,997,1100,61,703,3648,5093,6731
sz,000001,2022-12-30 09:48:06,13.11,24,94406,72,-,13.11,13.10,13.09,13.08,13.07,13.12,13.13,13.14,13.15,13.16,109,962,225,1007,1100,81,790,3679,5098,6736
sz,000001,2022-12-30 09:48:09,13.12,20,142987,109,-,13.11,13.10,13.09,13.08,13.07,13.12,13.13,13.14,13.15,13.16,92,962,225,1007,1100,38,906,3709,5098,6756
sz,000001,2022-12-30 09:48:12,13.12,10,81344,62,-,13.12,13.11,13.10,13.09,13.08,13.13,13.14,13.15,13.16,13.17,24,92,962,225,1000,985,3711,5107,6756,638
sz,000001,2022-12-30 09:48:15,13.11,18,217660,166,-,13.10,13.09,13.08,13.07,13.06,13.11,13.12,13.13,13.14,13.15,985,225,428,1100,533,78,157,1098,3719,5138
sz,000001,2022-12-30 09:48:18,13.11,12,123234,94,-,13.10,13.09,13.08,13.07,13.06,13.11,13.12,13.13,13.14,13.15,1000,235,378,1100,534,95,166,1197,3727,5142
sz,000001,2022-12-30 09:48:21,13.11,4,27520,21,-,13.10,13.09,13.08,13.07,13.06,13.11,13.12,13.13,13.14,13.15,989,235,378,1100,534,86,161,1263,3733,5154
sz,000001,2022-12-30 09:48:24,13.09,78,1859645,1420,-,13.08,13.07,13.06,13.05,13.04,13.09,13.10,13.11,13.12,13.13,240,1113,534,955,1090,3735,46,93,206,1406
sz,000001,2022-12-30 09:48:27,13.08,17,506369,387,-,13.08,13.07,13.06,13.05,13.04,13.09,13.10,13.11,13.12,13.13,868,1113,534,961,1091,3578,52,199,216,1478
sz,000001,2022-12-30 09:48:30,13.08,5,73278,56,-,13.08,13.07,13.06,13.05,13.04,13.09,13.10,13.11,13.12,13.13,843,1113,534,961,1151,3549,67,219,316,1473
sz,000001,2022-12-30 09:48:33,13.09,8,54953,42,-,13.08,13.07,13.06,13.05,13.04,13.09,13.10,13.11,13.12,13.13,518,1113,534,961,1151,3573,67,229,316,1455
sz,000001,2022-12-30 09:48:36,13.08,7,85062,65,-,13.08,13.07,13.06,13.05,13.04,13.09,13.10,13.11,13.12,13.13,497,1113,534,950,551,3552,114,229,370,1461
sz,000001,2022-12-30 09:48:39,13.08,2,34014,26,-,13.08,13.07,13.06,13.05,13.04,13.09,13.10,13.11,13.12,13.13,496,1113,547,950,551,3567,114,249,371,1476
sz,000001,2022-12-30 09:48:42,13.08,5,68017,52,-,13.08,13.07,13.06,13.05,13.04,13.09,13.10,13.11,13.12,13.13,446,1163,547,950,553,3589,125,336,381,1509
sz,000001,2022-12-30 09:48:45,13.08,6,86346,66,-,13.08,13.07,13.06,13.05,13.04,13.09,13.10,13.11,13.12,13.13,446,1168,547,950,553,3615,125,337,400,1563
sz,000001,2022-12-30 09:48:48,13.09,2,20935,16,-,13.08,13.07,13.06,13.05,13.04,13.09,13.10,13.11,13.12,13.13,487,1168,547,1008,553,3608,125,337,500,1564
sz,000001,2022-12-30 09:48:51,13.08,4,134794,103,-,13.08,13.07,13.06,13.05,13.04,13.09,13.10,13.11,13.12,13.13,499,1177,547,1013,557,3538,125,337,500,1569
sz,000001,2022-12-30 09:48:54,13.08,2,26172,20,-,13.08,13.07,13.06,13.05,13.04,13.09,13.10,13.11,13.12,13.13,505,1182,553,1014,557,3527,125,337,500,1628
sz,000001,2022-12-30 09:48:57,13.08,17,609529,466,-,13.08,13.07,13.06,13.05,13.04,13.09,13.10,13.11,13.12,13.13,190,1182,553,1014,567,3526,138,337,580,1633
sz,000001,2022-12-30 09:49:00,13.08,18,149167,114,-,13.08,13.07,13.06,13.05,13.04,13.09,13.10,13.11,13.12,13.13,131,1182,553,1014,567,3514,138,337,590,1633
sz,000001,2022-12-30 09:49:03,13.08,5,65407,50,-,13.08,13.07,13.06,13.05,13.04,13.09,13.10,13.11,13.12,13.13,366,1182,553,1014,567,3513,138,347,611,1713
sz,000001,2022-12-30 09:49:06,13.08,9,65410,50,-,13.08,13.07,13.06,13.05,13.04,13.09,13.10,13.11,13.12,13.13,375,1182,553,1044,593,3524,138,347,611,1623
sz,000001,2022-12-30 09:49:09,13.09,5,30089,23,-,13.08,13.07,13.06,13.05,13.04,13.09,13.10,13.11,13.12,13.13,369,1182,553,1069,593,3543,168,447,611,1628
sz,000001,2022-12-30 09:49:12,13.08,1,1308,1,-,13.08,13.07,13.06,13.05,13.04,13.09,13.10,13.11,13.12,13.13,369,1182,553,1069,593,3564,188,447,611,1633
sz,000001,2022-12-30 09:49:15,13.08,3,11772,9,-,13.08,13.07,13.06,13.05,13.04,13.09,13.10,13.11,13.12,13.13,360,1182,553,1069,603,3583,188,447,611,1633
sz,000001,2022-12-30 09:49:18,13.08,2,18312,14,-,13.08,13.07,13.06,13.05,13.04,13.09,13.10,13.11,13.12,13.13,397,1224,553,1069,603,3578,177,447,610,1643
sz,000001,2022-12-30 09:49:21,13.08,4,15700,12,-,13.08,13.07,13.06,13.05,13.04,13.09,13.10,13.11,13.12,13.13,435,1224,553,1069,643,3612,177,447,610,1641
sz,000001,2022-12-30 09:49:24,13.09,3,34034,26,-,13.08,13.07,13.06,13.05,13.04,13.09,13.10,13.11,13.12,13.13,429,1224,553,1109,643,3606,177,447,644,1681
sz,000001,2022-12-30 09:49:27,13.08,8,188430,144,-,13.08,13.07,13.06,13.05,13.04,13.09,13.10,13.11,13.12,13.13,396,1167,553,1109,643,3569,130,447,643,1678
sz,000001,2022-12-30 09:49:30,13.09,5,100734,77,-,13.08,13.07,13.06,13.05,13.04,13.09,13.10,13.11,13.12,13.13,338,1167,553,1109,653,3551,130,447,643,1678
sz,000001,2022-12-30 09:49:33,13.07,80,523145,400,-,13.07,13.06,13.05,13.04,13.03,13.08,13.09,13.10,13.11,13.12,1112,507,1109,653,1709,85,3533,130,447,643
sz,000001,2022-12-30 09:49:36,13.08,10,96792,74,-,13.07,13.06,13.05,13.04,13.03,13.08,13.09,13.10,13.11,13.12,1112,507,1109,653,1710,59,3490,130,447,643
sz,000001,2022-12-30 09:49:39,13.08,14,98078,75,-,13.07,13.06,13.05,13.04,13.03,13.08,13.09,13.10,13.11,13.12,1090,507,1109,653,1710,91,3496,175,347,643
sz,000001,2022-12-30 09:49:42,13.08,5,20928,16,-,13.07,13.06,13.05,13.04,13.03,13.08,13.09,13.10,13.11,13.12,1090,507,1109,653,1710,75,3496,175,347,643
sz,000001,2022-12-30 09:49:45,13.07,10,222197,170,-,13.07,13.06,13.05,13.04,13.03,13.08,13.09,13.10,13.11,13.12,927,507,1209,653,1710,96,3478,175,347,643
sz,000001,2022-12-30 09:49:48,13.07,8,69291,53,-,13.07,13.06,13.05,13.04,13.03,13.08,13.09,13.10,13.11,13.12,904,557,1209,653,1710,218,3529,175,347,644
sz,000001,2022-12-30 09:49:51,13.06,50,1310821,1003,-,13.06,13.05,13.04,13.03,13.02,13.07,13.08,13.09,13.10,13.11,476,360,653,1710,1569,285,317,3529,175,347
sz,000001,2022-12-30 09:49:54,13.07,26,457217,350,-,13.06,13.05,13.04,13.03,13.02,13.07,13.08,13.09,13.10,13.11,246,360,653,1710,1570,147,338,3528,182,347
sz,000001,2022-12-30 09:49:57,13.07,8,91457,70,-,13.06,13.05,13.04,13.03,13.02,13.07,13.08,13.09,13.10,13.11,213,360,653,1725,1570,198,238,3528,182,347
sz,000001,2022-12-30 09:50:00,13.07,34,347540,266,-,13.06,13.05,13.04,13.03,13.02,13.07,13.08,13.09,13.10,13.11,100,340,604,1725,1570,41,280,3528,162,367
sz,000001,2022-12-30 09:50:03,13.08,12,125472,96,-,13.06,13.05,13.04,13.03,13.02,13.08,13.09,13.10,13.11,13.12,182,840,1434,1725,1570,279,3539,162,367,663
sz,000001,2022-12-30 09:50:06,13.06,14,306910,235,-,13.05,13.04,13.03,13.02,13.01,13.06,13.07,13.08,13.09,13.10,842,1499,1725,1583,1810,791,28,301,3539,162
sz,000001,2022-12-30 09:50:09,13.06,9,600754,460,-,13.05,13.04,13.03,13.02,13.01,13.06,13.07,13.08,13.09,13.10,1443,1502,1725,1683,1811,349,19,301,3523,162
sz,000001,2022-12-30 09:50:12,13.06,4,79666,61,-,13.05,13.04,13.03,13.02,13.01,13.06,13.07,13.08,13.09,13.10,1496,1502,1725,1683,1811,288,3,301,3523,162
sz,000001,2022-12-30 09:50:15,13.06,16,386579,296,-,13.06,13.05,13.04,13.03,13.02,13.08,13.09,13.10,13.11,13.12,1069,840,1504,1725,1703,335,3523,162,367,672
sz,000001,2022-12-30 09:50:18,13.06,9,52310,40,-,13.06,13.05,13.04,13.03,13.02,13.07,13.08,13.09,13.10,13.11,1228,845,684,1730,1103,1,384,3518,162,367
sz,000001,2022-12-30 09:50:21,13.07,1,1307,1,-,13.06,13.05,13.04,13.03,13.02,13.07,13.08,13.09,13.10,13.11,1248,845,723,1745,1103,41,999,3518,162,367
sz,000001,2022-12-30 09:50:24,13.06,6,40490,31,-,13.06,13.05,13.04,13.03,13.02,13.07,13.08,13.09,13.10,13.11,1217,846,723,1796,1098,87,999,3617,162,467
sz,000001,2022-12-30 09:50:27,13.06,5,19600,15,-,13.06,13.05,13.04,13.03,13.02,13.07,13.08,13.09,13.10,13.11,1261,846,738,1818,1137,92,999,3619,172,467
sz,000001,2022-12-30 09:50:30,13.07,3,10456,8,-,13.06,13.05,13.04,13.03,13.02,13.07,13.08,13.09,13.10,13.11,1265,883,738,1867,1137,88,999,3619,126,467
sz,000001,2022-12-30 09:50:33,13.07,20,56201,43,-,13.06,13.05,13.04,13.03,13.02,13.07,13.08,13.09,13.10,13.11,1301,883,893,1867,1137,53,1041,3619,146,467
sz,000001,2022-12-30 09:50:36,13.07,2,6535,5,-,13.06,13.05,13.04,13.03,13.02,13.07,13.08,13.09,13.10,13.11,1302,883,893,1925,1130,48,967,3619,146,467
sz,000001,2022-12-30 09:50:39,13.06,2,33960,26,-,13.06,13.05,13.04,13.03,13.02,13.07,13.08,13.09,13.10,13.11,1311,883,893,925,1130,47,977,3619,146,467
sz,000001,2022-12-30 09:50:45,13.07,5,15684,12,-,13.06,13.05,13.04,13.03,13.02,13.07,13.08,13.09,13.10,13.11,1311,883,1739,925,1140,104,980,3619,146,467
sz,000001,2022-12-30 09:50:48,13.06,111,1731762,1326,-,13.05,13.04,13.03,13.02,13.01,13.06,13.07,13.08,13.09,13.10,973,1839,925,1140,1825,225,101,980,3599,146
sz,000001,2022-12-30 09:50:51,13.06,7,244206,187,-,13.05,13.04,13.03,13.02,13.01,13.06,13.07,13.08,13.09,13.10,957,1839,925,1140,1826,148,151,1057,3597,146
sz,000001,2022-12-30 09:50:54,13.05,6,65292,50,-,13.05,13.04,13.03,13.02,13.01,13.06,13.07,13.08,13.09,13.10,964,1839,925,1040,1826,128,151,1057,442,146
sz,000001,2022-12-30 09:50:57,13.06,5,65300,50,-,13.05,13.04,13.03,13.02,13.01,13.06,13.07,13.08,13.09,13.10,994,1849,922,1066,1836,100,151,1057,442,146
sz,000001,2022-12-30 09:51:06,13.05,24,186722,143,-,13.05,13.04,13.03,13.02,13.01,13.06,13.07,13.08,13.09,13.10,1126,1834,1206,1071,1836,63,251,1057,442,144
sz,000001,2022-12-30 09:51:09,13.06,5,40486,31,-,13.05,13.04,13.03,13.02,13.01,13.06,13.07,13.08,13.09,13.10,1157,1806,1206,1071,1836,79,257,987,442,144
sz,000001,2022-12-30 09:51:12,13.06,9,36567,28,-,13.05,13.04,13.03,13.02,13.01,13.06,13.07,13.08,13.09,13.10,1187,976,1206,1079,1836,52,267,987,442,144
sz,000001,2022-12-30 09:51:15,13.06,7,24810,19,-,13.05,13.04,13.03,13.02,13.01,13.06,13.07,13.08,13.09,13.10,1180,976,1191,1079,1836,1703,267,987,442,156
sz,000001,2022-12-30 09:51:18,13.06,8,79663,61,-,13.05,13.04,13.03,13.02,13.01,13.06,13.07,13.08,13.09,13.10,1182,976,1191,1079,1836,1763,250,945,442,206
sz,000001,2022-12-30 09:51:21,13.05,19,100498,77,-,13.05,13.04,13.03,13.02,13.01,13.06,13.07,13.08,13.09,13.10,1118,993,1191,1089,1836,1835,232,927,424,189
sz,000001,2022-12-30 09:51:24,13.05,15,86138,66,-,13.05,13.04,13.03,13.02,13.01,13.06,13.07,13.08,13.09,13.10,1163,997,1191,1089,1846,1888,232,927,424,189
sz,000001,2022-12-30 09:51:27,13.06,24,2508811,1921,-,13.06,13.05,13.04,13.03,13.02,13.07,13.08,13.09,13.10,13.11,3103,1048,1011,1206,1089,232,927,424,199,497
sz,000001,2022-12-30 09:51:30,13.07,32,338449,259,-,13.06,13.05,13.04,13.03,13.02,13.07,13.08,13.09,13.10,13.11,3165,1016,1011,1218,1089,102,927,424,199,497
sz,000001,2022-12-30 09:51:33,13.08,23,265416,203,-,13.06,13.05,13.04,13.03,13.02,13.08,13.09,13.10,13.11,13.12,3183,1016,1011,1188,1089,829,434,232,497,1318
sz,000001,2022-12-30 09:51:36,13.08,8,41844,32,-,13.07,13.06,13.05,13.04,13.03,13.08,13.09,13.10,13.11,13.12,19,3182,1006,1033,1188,807,434,232,497,1268
sz,000001,2022-12-30 09:51:39,13.07,5,77153,59,-,13.07,13.06,13.05,13.04,13.03,13.08,13.09,13.10,13.11,13.12,3,3182,1012,1633,1188,770,434,232,497,1269
sz,000001,2022-12-30 09:51:42,13.08,5,26148,20,-,13.07,13.06,13.05,13.04,13.03,13.08,13.09,13.10,13.11,13.12,121,3182,1012,1689,1263,777,434,232,497,1274
sz,000001,2022-12-30 09:51:45,13.07,4,78420,60,-,13.07,13.06,13.05,13.04,13.03,13.08,13.09,13.10,13.11,13.12,157,3155,967,1686,1263,777,434,232,497,1294
sz,000001,2022-12-30 09:51:48,13.08,9,44461,34,-,13.07,13.06,13.05,13.04,13.03,13.08,13.09,13.10,13.11,13.12,304,3155,914,1803,1263,754,434,232,606,1294
sz,000001,2022-12-30 09:51:51,13.07,1,2614,2,-,13.07,13.06,13.05,13.04,13.03,13.08,13.09,13.10,13.11,13.12,1130,3155,914,1803,1264,754,434,232,606,1294
sz,000001,2022-12-30 09:51:54,13.08,1,13080,10,-,13.07,13.06,13.05,13.04,13.03,13.08,13.09,13.10,13.11,13.12,1170,3155,914,1803,1269,749,434,232,626,1294
sz,000001,2022-12-30 09:52:00,13.08,3,32700,25,-,13.07,13.06,13.05,13.04,13.03,13.08,13.09,13.10,13.11,13.12,1221,3135,919,1803,1319,726,429,247,626,1294
sz,000001,2022-12-30 09:52:03,13.08,7,74556,57,-,13.07,13.06,13.05,13.04,13.03,13.08,13.09,13.10,13.11,13.12,1226,3143,929,1803,1330,669,429,247,626,1294
sz,000001,2022-12-30 09:52:06,13.08,6,30084,23,-,13.07,13.06,13.05,13.04,13.03,13.08,13.09,13.10,13.11,13.12,1247,3143,943,1803,1330,650,447,247,626,1294
sz,000001,2022-12-30 09:52:09,13.07,1,6535,5,-,13.07,13.06,13.05,13.04,13.03,13.08,13.09,13.10,13.11,13.12,1282,3143,943,1783,1330,651,453,247,626,1314
sz,000001,2022-12-30 09:52:12,13.07,36,175138,134,-,13.07,13.06,13.05,13.04,13.03,13.08,13.09,13.10,13.11,13.12,1148,3143,948,1783,1330,656,453,272,626,1314
sz,000001,2022-12-30 09:52:15,13.07,58,194778,149,-,13.07,13.06,13.05,13.04,13.03,13.08,13.09,13.10,13.11,13.12,1052,3143,948,1783,1330,635,453,302,626,1314
sz,000001,2022-12-30 09:52:18,13.06,44,6228019,4768,-,13.05,13.04,13.03,13.02,13.01,13.06,13.07,13.08,13.09,13.10,944,1783,1330,1079,1831,584,482,778,453,379
sz,000001,2022-12-30 09:52:21,13.06,15,794032,608,-,13.05,13.04,13.03,13.02,13.01,13.06,13.07,13.08,13.09,13.10,950,1783,1330,1079,1832,156,277,636,453,379
sz,000001,2022-12-30 09:52:24,13.07,9,293864,225,-,13.05,13.04,13.03,13.02,13.01,13.07,13.08,13.09,13.10,13.11,969,1783,1330,1079,1832,125,636,462,379,726
sz,000001,2022-12-30 09:52:27,13.07,5,71812,55,-,13.06,13.05,13.04,13.03,13.02,13.07,13.08,13.09,13.10,13.11,5105,979,1783,1330,1079,129,636,462,379,741
sz,000001,2022-12-30 09:52:30,13.06,3,291238,223,-,13.06,13.05,13.04,13.03,13.02,13.07,13.08,13.09,13.10,13.11,4906,979,1783,1360,1079,124,656,462,379,741
sz,000001,2022-12-30 09:52:33,13.07,6,117630,90,-,13.06,13.05,13.04,13.03,13.02,13.07,13.08,13.09,13.10,13.11,4911,1001,1783,1360,1079,34,656,472,379,761
sz,000001,2022-12-30 09:52:36,13.08,9,74490,57,-,13.07,13.06,13.05,13.04,13.03,13.08,13.09,13.10,13.11,13.12,9,4895,1001,1783,1360,649,472,379,761,1362
sz,000001,2022-12-30 09:52:39,13.08,4,23531,18,-,13.07,13.06,13.05,13.04,13.03,13.08,13.09,13.10,13.11,13.12,59,4895,1011,1783,1360,662,472,379,761,1363
sz,000001,2022-12-30 09:52:42,13.07,3,9155,7,-,13.07,13.06,13.05,13.04,13.03,13.08,13.09,13.10,13.11,13.12,61,4895,1011,1783,1360,656,472,379,761,1363
sz,000001,2022-12-30 09:52:45,13.08,2,50992,39,-,13.07,13.06,13.05,13.04,13.03,13.08,13.09,13.10,13.11,13.12,102,4895,1010,1803,1360,639,472,379,761,1363
sz,000001,2022-12-30 09:52:48,13.08,6,73199,56,-,13.07,13.06,13.05,13.04,13.03,13.08,13.09,13.10,13.11,13.12,104,4884,1020,1805,1360,632,472,379,761,1363
sz,000001,2022-12-30 09:52:51,13.08,2,11772,9,-,13.07,13.06,13.05,13.04,13.03,13.08,13.09,13.10,13.11,13.12,157,5337,1013,1810,1360,675,472,389,761,1363
sz,000001,2022-12-30 09:52:54,13.07,11,211734,162,-,13.06,13.05,13.04,13.03,13.02,13.07,13.08,13.09,13.10,13.11,5337,1013,1810,1358,1059,1396,676,472,389,761
sz,000001,2022-12-30 09:52:57,13.07,3,345032,264,-,13.06,13.05,13.04,13.03,13.02,13.07,13.08,13.09,13.10,13.11,4982,1013,1810,1358,1059,1159,673,472,398,761
sz,000001,2022-12-30 09:53:00,13.07,1,36596,28,-,13.06,13.05,13.04,13.03,13.02,13.07,13.08,13.09,13.10,13.11,4996,1013,1810,1358,1059,1152,673,472,398,761
sz,000001,2022-12-30 09:53:03,13.07,1,111095,85,-,13.06,13.05,13.04,13.03,13.02,13.07,13.08,13.09,13.10,13.11,5010,1013,1810,1378,1059,1099,673,472,398,761
sz,000001,2022-12-30 09:53:06,13.07,2,54894,42,-,13.06,13.05,13.04,13.03,13.02,13.07,13.08,13.09,13.10,13.11,5036,1040,1810,1378,1059,1057,673,472,398,761
sz,000001,2022-12-30 09:53:09,13.07,3,88876,68,-,13.06,13.05,13.04,13.03,13.02,13.07,13.08,13.09,13.10,13.11,5049,1040,1810,1378,1059,989,689,472,398,761
sz,000001,2022-12-30 09:53:12,13.07,6,173820,133,-,13.06,13.05,13.04,13.03,13.02,13.07,13.08,13.09,13.10,13.11,5111,993,1810,1379,1059,867,689,472,404,761
sz,000001,2022-12-30 09:53:15,13.07,4,91490,70,-,13.06,13.05,13.04,13.03,13.02,13.07,13.08,13.09,13.10,13.11,5111,992,1810,1379,1059,834,689,472,414,761
sz,000001,2022-12-30 09:53:18,13.07,7,22212,17,-,13.06,13.05,13.04,13.03,13.02,13.07,13.08,13.09,13.10,13.11,5132,988,1810,1379,1059,834,702,477,414,761
sz,000001,2022-12-30 09:53:21,13.07,2,3921,3,-,13.06,13.05,13.04,13.03,13.02,13.07,13.08,13.09,13.10,13.11,5125,988,1810,1379,1064,902,702,477,414,761
sz,000001,2022-12-30 09:53:24,13.06,36,6782013,5193,-,13.05,13.04,13.03,13.02,13.01,13.06,13.07,13.08,13.09,13.10,960,1810,1382,1064,1831,475,1017,702,477,414
sz,000001,2022-12-30 09:53:27,13.05,67,880205,674,-,13.05,13.04,13.03,13.02,13.01,13.06,13.07,13.08,13.09,13.10,921,1810,1382,1064,1832,208,975,685,477,414
sz,000001,2022-12-30 09:53:30,13.06,22,474136,363,-,13.06,13.05,13.04,13.03,13.02,13.07,13.08,13.09,13.10,13.11,4733,930,1810,1382,1064,997,685,477,414,761
sz,000001,2022-12-30 09:53:33,13.07,91,6970896,5338,-,13.05,13.04,13.03,13.02,13.01,13.07,13.08,13.09,13.10,13.11,396,1857,1382,1064,1832,1457,685,477,414,761
sz,000001,2022-12-30 09:53:36,13.05,14,807551,618,-,13.05,13.04,13.03,13.02,13.01,13.07,13.08,13.09,13.10,13.11,884,1857,1382,1064,1832,886,685,477,414,761
sz,000001,2022-12-30 09:53:39,13.06,16,449490,344,-,13.06,13.05,13.04,13.03,13.02,13.07,13.08,13.09,13.10,13.11,4889,890,1857,1382,1064,659,685,477,414,761
sz,000001,2022-12-30 09:53:42,13.06,19,235210,180,-,13.06,13.05,13.04,13.03,13.02,13.07,13.08,13.09,13.10,13.11,4840,815,1857,1382,1064,529,684,477,414,761
sz,000001,2022-12-30 09:53:45,13.06,6,64014,49,-,13.06,13.05,13.04,13.03,13.02,13.07,13.08,13.09,13.10,13.11,4811,820,1857,1394,1064,509,686,477,414,761
sz,000001,2022-12-30 09:53:48,13.07,7,69271,53,-,13.06,13.05,13.04,13.03,13.02,13.07,13.08,13.09,13.10,13.11,4811,830,1857,1394,1064,466,686,477,414,761
sz,000001,2022-12-30 09:53:51,13.07,2,13070,10,-,13.06,13.05,13.04,13.03,13.02,13.07,13.08,13.09,13.10,13.11,4811,835,1900,1394,1064,456,686,477,414,761
sz,000001,2022-12-30 09:53:54,13.07,1,1307,1,-,13.06,13.05,13.04,13.03,13.02,13.07,13.08,13.09,13.10,13.11,4811,855,1941,1394,1064,455,685,477,717,761
sz,000001,2022-12-30 09:53:57,13.07,93,599913,459,-,13.07,13.06,13.05,13.04,13.03,13.08,13.09,13.10,13.11,13.12,116,4850,872,1941,1382,685,477,717,761,1460
sz,000001,2022-12-30 09:54:00,13.08,4,177804,136,-,13.07,13.06,13.05,13.04,13.03,13.08,13.09,13.10,13.11,13.12,69,4855,843,1941,1412,633,471,717,761,1461
sz,000001,2022-12-30 09:54:03,13.08,22,6604561,5057,-,13.07,13.06,13.05,13.04,13.03,13.08,13.09,13.10,13.11,13.12,5,177,843,1944,1432,810,471,717,761,1461
sz,000001,2022-12-30 09:54:06,13.07,26,707600,541,-,13.07,13.06,13.05,13.04,13.03,13.08,13.09,13.10,13.11,13.12,219,573,863,1944,1432,321,471,717,761,1461
sz,000001,2022-12-30 09:54:09,13.08,31,634339,485,-,13.08,13.07,13.06,13.05,13.04,13.09,13.10,13.11,13.12,13.13,85,92,367,863,1944,411,717,652,1461,2489
sz,000001,2022-12-30 09:54:12,13.09,9,64140,49,-,13.08,13.07,13.06,13.05,13.04,13.09,13.10,13.11,13.12,13.13,85,92,377,880,1944,363,732,686,1461,2490
sz,000001,2022-12-30 09:54:15,13.08,1,1308,1,-,13.08,13.07,13.06,13.05,13.04,13.09,13.10,13.11,13.12,13.13,84,176,377,880,1944,363,732,686,1481,2460
sz,000001,2022-12-30 09:54:18,13.09,19,154462,118,-,13.08,13.07,13.06,13.05,13.04,13.09,13.10,13.11,13.12,13.13,1,176,377,880,1944,495,432,686,1481,2460
sz,000001,2022-12-30 09:54:21,13.09,6,24864,19,-,13.07,13.06,13.05,13.04,13.03,13.09,13.10,13.11,13.12,13.13,278,133,880,1948,1457,683,450,696,1481,2460
sz,000001,2022-12-30 09:54:27,13.07,10,175365,134,-,13.07,13.06,13.05,13.04,13.03,13.09,13.10,13.11,13.12,13.13,141,133,885,1954,1457,578,510,696,1481,2460
sz,000001,2022-12-30 09:54:30,13.07,14,159489,122,-,13.07,13.06,13.05,13.04,13.03,13.09,13.10,13.11,13.12,13.13,39,133,885,1932,1462,566,510,696,1467,2460
sz,000001,2022-12-30 09:54:33,13.09,4,20938,16,-,13.07,13.06,13.05,13.04,13.03,13.09,13.10,13.11,13.12,13.13,36,133,885,1932,1462,554,512,696,1467,2460
sz,000001,2022-12-30 09:54:36,13.09,1,13090,10,-,13.07,13.06,13.05,13.04,13.03,13.09,13.10,13.11,13.12,13.13,36,133,885,1932,1462,554,512,596,1417,2460
sz,000001,2022-12-30 09:54:42,13.07,2,3921,3,-,13.07,13.06,13.05,13.04,13.03,13.09,13.10,13.11,13.12,13.13,378,133,888,1932,1448,589,527,598,1397,2460
sz,000001,2022-12-30 09:54:51,13.08,3,28776,22,-,13.07,13.06,13.05,13.04,13.03,13.08,13.09,13.10,13.11,13.12,929,143,778,2037,1448,77,590,527,550,1703
sz,000001,2022-12-30 09:54:54,13.08,7,111142,85,-,13.07,13.06,13.05,13.04,13.03,13.08,13.09,13.10,13.11,13.12,896,143,798,2037,1448,139,629,532,585,1703
sz,000001,2022-12-30 09:54:57,13.08,2,30084,23,-,13.07,13.06,13.05,13.04,13.03,13.08,13.09,13.10,13.11,13.12,932,343,798,2037,1448,146,617,552,585,1713
sz,000001,2022-12-30 09:55:00,13.08,5,201430,154,-,13.08,13.07,13.06,13.05,13.04,13.09,13.10,13.11,13.12,13.13,47,943,343,804,2037,617,552,585,1713,2488
sz,000001,2022-12-30 09:55:03,13.08,9,82423,63,-,13.07,13.06,13.05,13.04,13.03,13.08,13.09,13.10,13.11,13.12,1039,343,804,2037,1448,10,581,552,585,1713
sz,000001,2022-12-30 09:55:06,13.08,4,17004,13,-,13.07,13.06,13.05,13.04,13.03,13.08,13.09,13.10,13.11,13.12,1112,363,805,2037,1448,25,581,552,585,1713
sz,000001,2022-12-30 09:55:09,13.08,2,9156,7,-,13.07,13.06,13.05,13.04,13.03,13.08,13.09,13.10,13.11,13.12,1239,363,823,2044,1448,20,581,552,585,1713
sz,000001,2022-12-30 09:55:12,13.08,7,37931,29,-,13.08,13.07,13.06,13.05,13.04,13.09,13.10,13.11,13.12,13.13,13,1226,163,823,2044,582,552,585,1713,2695
sz,000001,2022-12-30 09:55:15,13.08,13,23544,18,-,13.08,13.07,13.06,13.05,13.04,13.09,13.10,13.11,13.12,13.13,27,1197,163,843,2044,600,534,585,1713,2695
sz,000001,2022-12-30 09:55:18,13.08,30,96784,74,-,13.07,13.06,13.05,13.04,13.03,13.08,13.09,13.10,13.11,13.12,975,163,843,2044,1448,3,605,539,585,1733
sz,000001,2022-12-30 09:55:21,13.08,8,26167,20,-,13.08,13.07,13.06,13.05,13.04,13.09,13.10,13.11,13.12,13.13,187,964,163,843,2049,598,539,594,1733,2695
sz,000001,2022-12-30 09:55:24,13.09,3,9158,7,-,13.08,13.07,13.06,13.05,13.04,13.09,13.10,13.11,13.12,13.13,182,974,163,848,2049,734,539,594,1743,2695
sz,000001,2022-12-30 09:55:27,13.08,1,6540,5,-,13.08,13.07,13.06,13.05,13.04,13.09,13.10,13.11,13.12,13.13,179,994,170,870,1982,741,539,594,1743,2645
sz,000001,2022-12-30 09:55:30,13.08,8,43164,33,-,13.08,13.07,13.06,13.05,13.04,13.09,13.10,13.11,13.12,13.13,146,994,170,870,1982,794,539,594,1743,2645
sz,000001,2022-12-30 09:55:33,13.09,11,284050,217,-,13.08,13.07,13.06,13.05,13.04,13.09,13.10,13.11,13.12,13.13,147,994,170,870,1982,581,539,609,1713,2645
sz,000001,2022-12-30 09:55:36,13.07,13,285130,218,-,13.07,13.06,13.05,13.04,13.03,13.09,13.10,13.11,13.12,13.13,953,170,870,1982,1377,554,539,609,1713,2645
sz,000001,2022-12-30 09:55:39,13.09,5,70636,54,-,13.07,13.06,13.05,13.04,13.03,13.09,13.10,13.11,13.12,13.13,964,170,870,1982,1377,551,559,809,1713,2645
sz,000001,2022-12-30 09:55:45,13.07,12,172524,132,-,13.07,13.06,13.05,13.04,13.03,13.08,13.09,13.10,13.11,13.12,591,177,870,1982,1377,2,555,959,794,1738
sz,000001,2022-12-30 09:55:48,13.09,14,100673,77,-,13.07,13.06,13.05,13.04,13.03,13.08,13.09,13.10,13.11,13.12,533,177,870,1982,1376,1,559,959,794,1738
sz,000001,2022-12-30 09:55:51,13.09,4,17005,13,-,13.07,13.06,13.05,13.04,13.03,13.09,13.10,13.11,13.12,13.13,528,177,870,1982,1389,573,959,794,1738,2644
sz,000001,2022-12-30 09:55:54,13.07,19,115018,88,-,13.07,13.06,13.05,13.04,13.03,13.08,13.09,13.10,13.11,13.12,442,177,870,1982,1389,1,577,959,794,1738
sz,000001,2022-12-30 09:55:57,13.09,7,56250,43,-,13.07,13.06,13.05,13.04,13.03,13.09,13.10,13.11,13.12,13.13,403,177,870,1982,1389,554,965,794,1738,2694
sz,000001,2022-12-30 09:56:00,13.08,13,77121,59,-,13.07,13.06,13.05,13.04,13.03,13.08,13.09,13.10,13.11,13.12,341,177,870,1982,1389,11,578,965,794,1738
sz,000001,2022-12-30 09:56:03,13.08,6,56212,43,-,13.07,13.06,13.05,13.04,13.03,13.08,13.09,13.10,13.11,13.12,311,96,870,1982,1389,24,575,965,794,1738
sz,000001,2022-12-30 09:56:06,13.07,24,79731,61,-,13.07,13.06,13.05,13.04,13.03,13.08,13.09,13.10,13.11,13.12,259,96,870,1982,1389,548,574,965,794,1731
sz,000001,2022-12-30 09:56:09,13.06,73,429943,329,-,13.06,13.05,13.04,13.03,13.02,13.07,13.08,13.09,13.10,13.11,32,870,1982,1389,1035,295,579,1079,945,794
sz,000001,2022-12-30 09:56:12,13.07,24,137189,105,-,13.06,13.05,13.04,13.03,13.02,13.07,13.08,13.09,13.10,13.11,10,887,1982,1389,1036,339,933,1079,955,909
sz,000001,2022-12-30 09:56:15,13.07,1,9149,7,-,13.06,13.05,13.04,13.03,13.02,13.07,13.08,13.09,13.10,13.11,10,887,1982,1389,1036,332,933,1079,955,909
sz,000001,2022-12-30 09:56:18,13.07,4,71880,55,-,13.06,13.05,13.04,13.03,13.02,13.07,13.08,13.09,13.10,13.11,35,887,1982,1389,1036,319,956,1035,935,909
sz,000001,2022-12-30 09:56:21,13.06,5,35275,27,-,13.06,13.05,13.04,13.03,13.02,13.07,13.08,13.09,13.10,13.11,21,887,1982,1389,1036,310,956,1034,935,909
sz,000001,2022-12-30 09:56:24,13.07,2,31368,24,-,13.06,13.05,13.04,13.03,13.02,13.07,13.08,13.09,13.10,13.11,263,887,1982,1389,1036,286,956,1034,935,909
sz,000001,2022-12-30 09:56:27,13.06,10,70530,54,-,13.06,13.05,13.04,13.03,13.02,13.07,13.08,13.09,13.10,13.11,507,887,1982,1389,1036,285,601,1034,950,909
sz,000001,2022-12-30 09:56:30,13.06,7,43108,33,-,13.06,13.05,13.04,13.03,13.02,13.07,13.08,13.09,13.10,13.11,497,887,1982,1394,1036,280,601,1034,950,908
sz,000001,2022-12-30 09:56:33,13.07,1,1307,1,-,13.06,13.05,13.04,13.03,13.02,13.07,13.08,13.09,13.10,13.11,496,887,1987,1394,1036,279,601,1034,950,898
sz,000001,2022-12-30 09:56:36,13.06,3,7841,6,-,13.06,13.05,13.04,13.03,13.02,13.07,13.08,13.09,13.10,13.11,495,887,1987,1364,1041,355,614,1034,910,898
sz,000001,2022-12-30 09:56:39,13.06,1,1306,1,-,13.06,13.05,13.04,13.03,13.02,13.07,13.08,13.09,13.10,13.11,536,887,1987,1364,1041,359,624,1034,910,898
sz,000001,2022-12-30 09:56:42,13.06,1,1306,1,-,13.06,13.05,13.04,13.03,13.02,13.07,13.08,13.09,13.10,13.11,548,887,1887,1364,1041,359,624,1033,910,898
sz,000001,2022-12-30 09:56:45,13.06,7,41792,32,-,13.06,13.05,13.04,13.03,13.02,13.07,13.08,13.09,13.10,13.11,516,867,1887,1367,1041,377,641,1033,925,898
sz,000001,2022-12-30 09:56:48,13.07,5,31368,24,-,13.06,13.05,13.04,13.03,13.02,13.07,13.08,13.09,13.10,13.11,516,867,1907,1337,1041,360,641,1031,925,898
sz,000001,2022-12-30 09:56:51,13.07,1,24833,19,-,13.06,13.05,13.04,13.03,13.02,13.07,13.08,13.09,13.10,13.11,623,878,1907,1337,1041,341,641,1031,916,898
sz,000001,2022-12-30 09:56:54,13.07,1,1307,1,-,13.06,13.05,13.04,13.03,13.02,13.07,13.08,13.09,13.10,13.11,623,939,1907,1361,1050,485,671,1073,916,898
sz,000001,2022-12-30 09:57:00,13.07,4,9149,7,-,13.06,13.05,13.04,13.03,13.02,13.07,13.08,13.09,13.10,13.11,633,960,1927,1361,1050,478,671,1071,928,898
sz,000001,2022-12-30 09:57:03,13.06,2,7836,6,-,13.06,13.05,13.04,13.03,13.02,13.07,13.08,13.09,13.10,13.11,656,960,1927,1361,1050,530,656,1071,928,898
sz,000001,2022-12-30 09:57:06,13.07,4,14371,11,-,13.06,13.05,13.04,13.03,13.02,13.07,13.08,13.09,13.10,13.11,621,960,1927,1367,1050,525,656,1071,928,898
sz,000001,2022-12-30 09:57:09,13.07,27,266607,204,-,13.06,13.05,13.04,13.03,13.02,13.07,13.08,13.09,13.10,13.11,632,960,1927,1367,1050,347,656,1071,928,898
sz,000001,2022-12-30 09:57:12,13.07,12,141122,108,-,13.06,13.05,13.04,13.03,13.02,13.07,13.08,13.09,13.10,13.11,566,1102,1927,1367,1050,278,656,1071,928,898
sz,000001,2022-12-30 09:57:15,13.07,11,94104,72,-,13.06,13.05,13.04,13.03,13.02,13.07,13.08,13.09,13.10,13.11,566,1102,1927,1367,1050,206,656,1071,928,898
sz,000001,2022-12-30 09:57:18,13.07,1,9149,7,-,13.06,13.05,13.04,13.03,13.02,13.07,13.08,13.09,13.10,13.11,600,1102,1927,1367,1050,199,656,1071,928,898
sz,000001,2022-12-30 09:57:21,13.07,2,2614,2,-,13.06,13.05,13.04,13.03,13.02,13.07,13.08,13.09,13.10,13.11,600,1102,1927,1367,1050,197,656,1071,928,898
sz,000001,2022-12-30 09:57:24,13.07,4,35288,27,-,13.06,13.05,13.04,13.03,13.02,13.07,13.08,13.09,13.10,13.11,602,1122,1927,1371,1050,171,656,1071,928,898
sz,000001,2022-12-30 09:57:27,13.06,3,5226,4,-,13.06,13.05,13.04,13.03,13.02,13.07,13.08,13.09,13.10,13.11,600,1171,1927,1371,1050,209,693,1069,928,898
sz,000001,2022-12-30 09:57:30,13.07,11,101873,78,-,13.06,13.05,13.04,13.03,13.02,13.07,13.08,13.09,13.10,13.11,641,1091,1927,1371,1053,284,693,1068,928,898
sz,000001,2022-12-30 09:57:33,13.07,1,15684,12,-,13.06,13.05,13.04,13.03,13.02,13.07,13.08,13.09,13.10,13.11,641,1081,1927,1371,1053,267,693,1068,928,898
sz,000001,2022-12-30 09:57:36,13.06,15,138471,106,-,13.06,13.05,13.04,13.03,13.02,13.07,13.08,13.09,13.10,13.11,570,1081,1927,1371,1053,289,693,1068,928,898
sz,000001,2022-12-30 09:57:39,13.07,4,130692,100,-,13.06,13.05,13.04,13.03,13.02,13.07,13.08,13.09,13.10,13.11,563,1081,1927,1371,1323,197,693,1026,928,898
sz,000001,2022-12-30 09:57:42,13.07,6,50944,39,-,13.06,13.05,13.04,13.03,13.02,13.07,13.08,13.09,13.10,13.11,545,1081,1927,1371,1323,192,693,1026,928,898
sz,000001,2022-12-30 09:57:45,13.06,8,71839,55,-,13.06,13.05,13.04,13.03,13.02,13.07,13.08,13.09,13.10,13.11,603,972,1927,1371,1323,191,693,1026,928,898
sz,000001,2022-12-30 09:57:48,13.07,4,28754,22,-,13.06,13.05,13.04,13.03,13.02,13.07,13.08,13.09,13.10,13.11,603,972,1827,1371,1323,207,671,1026,928,898
sz,000001,2022-12-30 09:57:51,13.07,105,1057288,809,-,13.06,13.05,13.04,13.03,13.02,13.07,13.08,13.09,13.10,13.11,518,972,1827,1372,1323,4,144,1026,928,863
sz,000001,2022-12-30 09:57:54,13.08,17,139923,107,-,13.07,13.06,13.05,13.04,13.03,13.08,13.09,13.10,13.11,13.12,284,933,874,1832,1370,69,1076,928,863,1446
sz,000001,2022-12-30 09:57:57,13.07,3,11763,9,-,13.07,13.06,13.05,13.04,13.03,13.08,13.09,13.10,13.11,13.12,312,933,874,1820,1370,74,1076,868,863,1447
sz,000001,2022-12-30 09:58:00,13.07,20,190976,146,-,13.07,13.06,13.05,13.04,13.03,13.08,13.09,13.10,13.11,13.12,292,457,874,1820,1386,2,1037,1102,863,1447
sz,000001,2022-12-30 09:58:03,13.08,14,91557,70,-,13.07,13.06,13.05,13.04,13.03,13.08,13.09,13.10,13.11,13.12,405,390,874,1820,1386,168,1037,1102,863,1467
sz,000001,2022-12-30 09:58:06,13.08,3,10464,8,-,13.07,13.06,13.05,13.04,13.03,13.08,13.09,13.10,13.11,13.12,405,390,874,1820,1386,180,1037,1402,863,1457
sz,000001,2022-12-30 09:58:09,13.08,4,30083,23,-,13.07,13.06,13.05,13.04,13.03,13.08,13.09,13.10,13.11,13.12,479,336,821,1820,1386,169,1032,1402,1863,1457
sz,000001,2022-12-30 09:58:12,13.06,64,758059,580,-,13.06,13.05,13.04,13.03,13.02,13.07,13.08,13.09,13.10,13.11,447,821,1820,1386,1323,1431,170,1032,1412,1863
sz,000001,2022-12-30 09:58:15,13.07,6,228725,175,-,13.06,13.05,13.04,13.03,13.02,13.07,13.08,13.09,13.10,13.11,465,821,1820,1386,1323,1315,177,1047,1412,1863
sz,000001,2022-12-30 09:58:18,13.07,9,189478,145,-,13.06,13.05,13.04,13.03,13.02,13.07,13.08,13.09,13.10,13.11,428,860,1800,1386,1323,1208,177,1047,1412,1893
sz,000001,2022-12-30 09:58:21,13.06,3,26134,20,-,13.06,13.05,13.04,13.03,13.02,13.07,13.08,13.09,13.10,13.11,422,860,1800,1386,1323,1194,180,1047,1412,1893
sz,000001,2022-12-30 09:58:24,13.06,1,1306,1,-,13.06,13.05,13.04,13.03,13.02,13.07,13.08,13.09,13.10,13.11,425,860,1800,1386,1323,1216,180,1028,1412,1893
sz,000001,2022-12-30 09:58:27,13.07,1,26140,20,-,13.06,13.05,13.04,13.03,13.02,13.07,13.08,13.09,13.10,13.11,445,960,1802,1386,1323,1195,185,1028,1412,1893
sz,000001,2022-12-30 09:58:30,13.06,6,39185,30,-,13.06,13.05,13.04,13.03,13.02,13.07,13.08,13.09,13.10,13.11,447,968,1802,1386,1363,1207,185,1028,1412,1893
sz,000001,2022-12-30 09:58:33,13.07,3,16991,13,-,13.06,13.05,13.04,13.03,13.02,13.07,13.08,13.09,13.10,13.11,447,977,1798,1386,1353,1194,185,1028,1412,1898
sz,000001,2022-12-30 09:58:36,13.07,7,49655,38,-,13.06,13.05,13.04,13.03,13.02,13.07,13.08,13.09,13.10,13.11,443,977,1798,1378,1353,1167,217,1028,1412,1898
sz,000001,2022-12-30 09:58:39,13.06,3,16989,13,-,13.06,13.05,13.04,13.03,13.02,13.07,13.08,13.09,13.10,13.11,446,990,1798,1378,1353,1156,217,1028,1412,1898
sz,000001,2022-12-30 09:58:42,13.06,88,1422975,1090,-,13.05,13.04,13.03,13.02,13.01,13.06,13.07,13.08,13.09,13.10,462,1798,1378,1353,1675,520,1124,217,1027,1412
sz,000001,2022-12-30 09:58:45,13.06,22,757480,580,-,13.05,13.04,13.03,13.02,13.01,13.07,13.08,13.09,13.10,13.11,462,1798,1378,1353,1676,1093,216,1007,1549,1898
sz,000001,2022-12-30 09:58:48,13.07,21,117602,90,-,13.06,13.05,13.04,13.03,13.02,13.07,13.08,13.09,13.10,13.11,4,572,1798,1378,1353,1021,216,997,1549,1898
sz,000001,2022-12-30 09:58:51,13.07,2,14375,11,-,13.06,13.05,13.04,13.03,13.02,13.07,13.08,13.09,13.10,13.11,3,572,1798,1378,1353,1098,249,997,1549,1898
sz,000001,2022-12-30 09:58:54,13.05,6,28731,22,-,13.05,13.04,13.03,13.02,13.01,13.06,13.07,13.08,13.09,13.10,447,1798,1378,1353,1686,21,1141,249,997,1549
sz,000001,2022-12-30 09:58:57,13.06,2,27426,21,-,13.06,13.05,13.04,13.03,13.02,13.07,13.08,13.09,13.10,13.11,19,467,1826,1378,1353,1141,249,997,1549,1906
sz,000001,2022-12-30 09:59:00,13.07,1,9149,7,-,13.06,13.05,13.04,13.03,13.02,13.07,13.08,13.09,13.10,13.11,17,467,1826,1378,1189,1134,249,997,1539,1906
sz,000001,2022-12-30 09:59:03,13.06,8,53546,41,-,13.05,13.04,13.03,13.02,13.01,13.06,13.07,13.08,13.09,13.10,473,1827,1378,1189,1686,167,1134,292,997,1539
sz,000001,2022-12-30 09:59:06,13.06,4,19590,15,-,13.05,13.04,13.03,13.02,13.01,13.06,13.07,13.08,13.09,13.10,555,1857,1378,1189,1686,171,1134,292,997,1539
sz,000001,2022-12-30 09:59:09,13.06,1,1306,1,-,13.05,13.04,13.03,13.02,13.01,13.06,13.07,13.08,13.09,13.10,565,1957,1378,1189,1686,195,1139,292,997,1539
sz,000001,2022-12-30 09:59:12,13.05,1,1305,1,-,13.05,13.04,13.03,13.02,13.01,13.06,13.07,13.08,13.09,13.10,636,1957,1378,1189,1686,195,1139,302,996,1539
sz,000001,2022-12-30 09:59:15,13.06,6,41791,32,-,13.05,13.04,13.03,13.02,13.01,13.06,13.07,13.08,13.09,13.10,632,1957,1386,1189,1686,267,1097,302,1011,1539
sz,000001,2022-12-30 09:59:18,13.06,1,6530,5,-,13.05,13.04,13.03,13.02,13.01,13.06,13.07,13.08,13.09,13.10,664,1975,1386,1189,1676,262,1122,315,1031,1539
sz,000001,2022-12-30 09:59:21,13.06,1,52240,40,-,13.05,13.04,13.03,13.02,13.01,13.06,13.07,13.08,13.09,13.10,666,1975,1386,1189,1688,222,1122,315,1031,1539
sz,000001,2022-12-30 09:59:24,13.05,2,2610,2,-,13.05,13.04,13.03,13.02,13.01,13.06,13.07,13.08,13.09,13.10,721,1975,1386,1189,1688,246,1122,305,1139,1529
sz,000001,2022-12-30 09:59:27,13.05,3,44400,34,-,13.05,13.04,13.03,13.02,13.01,13.06,13.07,13.08,13.09,13.10,747,1975,1386,1189,688,216,1122,305,1139,1529
sz,000001,2022-12-30 09:59:30,13.05,2,24804,19,-,13.05,13.04,13.03,13.02,13.01,13.06,13.07,13.08,13.09,13.10,690,1980,1386,1189,688,217,1122,305,1139,1529
sz,000001,2022-12-30 09:59:33,13.05,10,97938,75,-,13.05,13.04,13.03,13.02,13.01,13.06,13.07,13.08,13.09,13.10,1678,1970,1386,1189,688,135,1120,305,1139,1529
sz,000001,2022-12-30 09:59:36,13.07,11,279502,214,-,13.06,13.05,13.04,13.03,13.02,13.07,13.08,13.09,13.10,13.11,24,1820,1370,1406,1189,1102,602,1139,1295,1905
sz,000001,2022-12-30 09:59:39,13.07,2,33979,26,-,13.06,13.05,13.04,13.03,13.02,13.07,13.08,13.09,13.10,13.11,31,1766,1370,1406,1194,1080,602,1139,1295,1905
sz,000001,2022-12-30 09:59:42,13.06,8,78378,60,-,13.06,13.05,13.04,13.03,13.02,13.07,13.08,13.09,13.10,13.11,13,1766,1373,1406,1187,1084,602,1139,1295,1905
sz,000001,2022-12-30 09:59:45,13.06,11,32650,25,-,13.06,13.05,13.04,13.03,13.02,13.07,13.08,13.09,13.10,13.11,131,1777,1369,1406,1187,1084,602,1139,1295,1905
sz,000001,2022-12-30 09:59:48,13.06,3,6530,5,-,13.06,13.05,13.04,13.03,13.02,13.07,13.08,13.09,13.10,13.11,127,1826,1369,1406,1187,1084,602,1139,1295,1905
sz,000001,2022-12-30 09:59:51,13.06,5,94032,72,-,13.06,13.05,13.04,13.03,13.02,13.07,13.08,13.09,13.10,13.11,81,1810,1369,1406,1187,1084,305,1139,1295,1905
sz,000001,2022-12-30 09:59:54,13.07,2,26130,20,-,13.06,13.05,13.04,13.03,13.02,13.07,13.08,13.09,13.10,13.11,71,1810,1369,1406,1187,1087,305,1139,1298,1905
sz,000001,2022-12-30 09:59:57,13.06,5,16978,13,-,13.06,13.05,13.04,13.03,13.02,13.07,13.08,13.09,13.10,13.11,58,1818,1369,1416,1189,1089,305,1139,1298,1905
sz,000001,2022-12-30 10:00:00,13.06,5,28732,22,-,13.06,13.05,13.04,13.03,13.02,13.07,13.08,13.09,13.10,13.11,41,1793,1369,1416,1189,1109,305,1139,1298,1905
sz,000001,2022-12-30 10:00:03,13.06,12,131992,101,-,13.06,13.05,13.04,13.03,13.02,13.07,13.08,13.09,13.10,13.11,41,1803,1369,1416,1189,1094,336,1139,1298,1905
sz,000001,2022-12-30 10:00:06,13.07,7,79677,61,-,13.06,13.05,13.04,13.03,13.02,13.07,13.08,13.09,13.10,13.11,70,1833,1369,1416,1189,1105,336,1139,1298,1905
sz,000001,2022-12-30 10:00:09,13.07,3,24833,19,-,13.06,13.05,13.04,13.03,13.02,13.07,13.08,13.09,13.10,13.11,84,1837,1369,1416,1189,1082,336,1139,1298,1905
sz,000001,2022-12-30 10:00:12,13.07,5,44434,34,-,13.06,13.05,13.04,13.03,13.02,13.07,13.08,13.09,13.10,13.11,82,1837,1369,1416,1189,978,336,1139,1298,1905
sz,000001,2022-12-30 10:00:15,13.07,13,184189,141,-,13.06,13.05,13.04,13.03,13.02,13.07,13.08,13.09,13.10,13.11,103,1817,1369,1416,1189,936,336,1124,1298,1905
sz,000001,2022-12-30 10:00:18,13.07,2,45745,35,-,13.06,13.05,13.04,13.03,13.02,13.07,13.08,13.09,13.10,13.11,103,1809,1366,1416,1189,903,528,1124,1298,1905
sz,000001,2022-12-30 10:00:21,13.05,55,709151,543,-,13.05,13.04,13.03,13.02,13.01,13.06,13.07,13.08,13.09,13.10,1809,1416,1416,1189,692,27,911,528,1124,1298
sz,000001,2022-12-30 10:00:24,13.06,30,169778,130,-,13.05,13.04,13.03,13.02,13.01,13.06,13.07,13.08,13.09,13.10,1843,1426,1416,1189,692,30,905,528,1124,1298
sz,000001,2022-12-30 10:00:27,13.06,2,23491,18,-,13.05,13.04,13.03,13.02,13.01,13.06,13.07,13.08,13.09,13.10,1826,1426,1416,1209,692,73,905,528,1124,1298
sz,000001,2022-12-30 10:00:30,13.05,4,26119,20,-,13.05,13.04,13.03,13.02,13.01,13.06,13.07,13.08,13.09,13.10,1828,1426,1416,1209,692,64,904,528,1124,1320
sz,000001,2022-12-30 10:00:33,13.06,4,33956,26,-,13.05,13.04,13.03,13.02,13.01,13.06,13.07,13.08,13.09,13.10,1828,1426,1416,1209,692,44,904,528,1124,1320
sz,000001,2022-12-30 10:00:36,13.06,33,175004,134,-,13.05,13.04,13.03,13.02,13.01,13.06,13.07,13.08,13.09,13.10,1856,1426,1446,1209,692,59,3943,850,1126,1320
sz,000001,2022-12-30 10:00:39,13.05,2,5222,4,-,13.05,13.04,13.03,13.02,13.01,13.06,13.07,13.08,13.09,13.10,1854,1446,1446,1209,692,187,3943,850,1126,1320
sz,000001,2022-12-30 10:00:42,13.06,4,37857,29,-,13.05,13.04,13.03,13.02,13.01,13.06,13.07,13.08,13.09,13.10,1837,1410,1446,1207,692,197,3943,850,1115,1366
sz,000001,2022-12-30 10:00:45,13.06,9,75748,58,-,13.05,13.04,13.03,13.02,13.01,13.06,13.07,13.08,13.09,13.10,1875,1410,1475,1207,692,152,3943,854,1115,1366
sz,000001,2022-12-30 10:00:48,13.06,6,84840,65,-,13.05,13.04,13.03,13.02,13.01,13.06,13.07,13.08,13.09,13.10,1851,1410,1464,1207,692,137,3943,854,1122,1369
sz,000001,2022-12-30 10:00:51,13.05,11,118755,91,-,13.05,13.04,13.03,13.02,13.01,13.06,13.07,13.08,13.09,13.10,1760,1412,1464,1207,692,143,3943,854,1122,1384
sz,000001,2022-12-30 10:00:54,13.05,3,70481,54,-,13.05,13.04,13.03,13.02,13.01,13.06,13.07,13.08,13.09,13.10,1767,1412,1480,1207,694,187,3942,854,1118,1384
sz,000001,2022-12-30 10:00:57,13.05,38,634230,486,-,13.05,13.04,13.03,13.02,13.01,13.06,13.07,13.08,13.09,13.10,1281,1412,1480,1207,694,222,3942,854,1118,1384
sz,000001,2022-12-30 10:01:00,13.05,26,144855,111,-,13.05,13.04,13.03,13.02,13.01,13.06,13.07,13.08,13.09,13.10,1178,1412,1480,1207,694,256,3952,855,1118,1384
sz,000001,2022-12-30 10:01:03,13.05,68,1560791,1196,-,13.05,13.04,13.03,13.02,13.01,13.06,13.07,13.08,13.09,13.10,7,1418,1480,1207,694,540,3952,855,1118,1384
sz,000001,2022-12-30 10:01:06,13.05,36,181339,139,-,13.04,13.03,13.02,13.01,13.00,13.05,13.06,13.07,13.08,13.09,1402,1480,1207,704,4206,111,561,3935,837,1118
sz,000001,2022-12-30 10:01:09,13.05,6,32609,25,-,13.04,13.03,13.02,13.01,13.00,13.05,13.06,13.07,13.08,13.09,1336,1484,1207,704,4211,182,539,3935,824,1118
sz,000001,2022-12-30 10:01:12,13.05,23,54788,42,-,13.04,13.03,13.02,13.01,13.00,13.05,13.06,13.07,13.08,13.09,1316,1474,1207,704,4211,183,556,3916,824,1118
sz,000001,2022-12-30 10:01:15,13.05,13,87418,67,-,13.04,13.03,13.02,13.01,13.00,13.05,13.06,13.07,13.08,13.09,1299,1474,1127,704,4271,180,559,3916,824,1118
sz,000001,2022-12-30 10:01:18,13.05,21,157900,121,-,13.04,13.03,13.02,13.01,13.00,13.05,13.06,13.07,13.08,13.09,1490,1474,1127,719,4271,99,559,3923,824,1111
sz,000001,2022-12-30 10:01:21,13.04,22,462922,355,-,13.04,13.03,13.02,13.01,13.00,13.05,13.06,13.07,13.08,13.09,937,1474,1127,719,5044,121,537,3923,824,1111
sz,000001,2022-12-30 10:01:24,13.05,2,30015,23,-,13.04,13.03,13.02,13.01,13.00,13.05,13.06,13.07,13.08,13.09,942,1474,1127,719,5044,130,524,3923,804,1111
sz,000001,2022-12-30 10:01:27,13.04,5,65200,50,-,13.04,13.03,13.02,13.01,13.00,13.05,13.06,13.07,13.08,13.09,889,1477,1127,719,5044,157,523,3923,814,1111
sz,000001,2022-12-30 10:01:33,13.04,5,63914,49,-,13.04,13.03,13.02,13.01,13.00,13.05,13.06,13.07,13.08,13.09,852,1477,1132,773,5044,192,526,3923,814,1111
sz,000001,2022-12-30 10:01:36,13.05,3,10436,8,-,13.04,13.03,13.02,13.01,13.00,13.05,13.06,13.07,13.08,13.09,922,1633,1132,773,5044,204,526,3923,814,1106
sz,000001,2022-12-30 10:01:39,13.05,5,65230,50,-,13.04,13.03,13.02,13.01,13.00,13.05,13.06,13.07,13.08,13.09,902,1640,1137,773,5039,196,802,3923,814,1106
sz,000001,2022-12-30 10:01:42,13.04,5,41739,32,-,13.04,13.03,13.02,13.01,13.00,13.05,13.06,13.07,13.08,13.09,894,1652,1157,773,5039,228,801,3923,814,1106
sz,000001,2022-12-30 10:01:48,13.04,34,347096,266,-,13.04,13.03,13.02,13.01,13.00,13.05,13.06,13.07,13.08,13.09,1042,1662,1157,773,5039,79,767,3922,814,1106
sz,000001,2022-12-30 10:01:51,13.05,21,178785,137,-,13.05,13.04,13.03,13.02,13.01,13.06,13.07,13.08,13.09,13.10,191,892,1672,1157,773,766,3941,816,1106,1384
sz,000001,2022-12-30 10:01:54,13.05,18,50895,39,-,13.05,13.04,13.03,13.02,13.01,13.06,13.07,13.08,13.09,13.10,196,1381,1672,1153,773,827,3941,816,1106,1394
sz,000001,2022-12-30 10:01:57,13.05,17,207495,159,-,13.05,13.04,13.03,13.02,13.01,13.06,13.07,13.08,13.09,13.10,46,1381,1672,1153,774,895,3941,816,1106,1394
sz,000001,2022-12-30 10:02:00,13.05,16,105725,81,-,13.04,13.03,13.02,13.01,13.00,13.05,13.06,13.07,13.08,13.09,1443,1672,1155,774,5039,21,635,3881,816,1106
sz,000001,2022-12-30 10:02:03,13.05,11,65250,50,-,13.04,13.03,13.02,13.01,13.00,13.05,13.06,13.07,13.08,13.09,1457,1672,1155,774,5040,11,636,3877,816,1106
sz,000001,2022-12-30 10:02:06,13.05,7,31320,24,-,13.05,13.04,13.03,13.02,13.01,13.06,13.07,13.08,13.09,13.10,5,1462,1664,1155,776,654,3877,816,1106,1397
sz,000001,2022-12-30 10:02:09,13.05,4,20880,16,-,13.05,13.04,13.03,13.02,13.01,13.06,13.07,13.08,13.09,13.10,3,1462,1664,1155,776,677,3857,816,1106,1397
sz,000001,2022-12-30 10:02:12,13.05,8,24806,19,-,13.05,13.04,13.03,13.02,13.01,13.06,13.07,13.08,13.09,13.10,54,1572,1669,1155,776,668,3857,816,1106,1397
sz,000001,2022-12-30 10:02:15,13.05,5,83534,64,-,13.05,13.04,13.03,13.02,13.01,13.06,13.07,13.08,13.09,13.10,13,1572,1669,1155,776,655,3857,816,1106,1397
sz,000001,2022-12-30 10:02:18,13.05,5,33930,26,-,13.05,13.04,13.03,13.02,13.01,13.06,13.07,13.08,13.09,13.10,50,1572,1669,1155,776,656,3857,494,1106,1397
sz,000001,2022-12-30 10:02:21,13.06,3,27426,21,-,13.05,13.04,13.03,13.02,13.01,13.06,13.07,13.08,13.09,13.10,65,1596,1789,1155,786,638,3857,494,1106,1397
sz,000001,2022-12-30 10:02:24,13.05,5,66567,51,-,13.05,13.04,13.03,13.02,13.01,13.06,13.07,13.08,13.09,13.10,37,1596,1789,1155,786,654,3857,494,1106,1399
sz,000001,2022-12-30 10:02:27,13.05,6,41760,32,-,13.05,13.04,13.03,13.02,13.01,13.06,13.07,13.08,13.09,13.10,11,1591,1789,1155,796,672,3857,494,1106,1399
sz,000001,2022-12-30 10:02:30,13.05,4,15660,12,-,13.05,13.04,13.03,13.02,13.01,13.06,13.07,13.08,13.09,13.10,79,1591,1789,1155,796,677,3857,494,1106,1399
sz,000001,2022-12-30 10:02:33,13.05,7,33951,26,-,13.05,13.04,13.03,13.02,13.01,13.06,13.07,13.08,13.09,13.10,30,1591,1789,1155,796,658,3857,494,1106,1399
sz,000001,2022-12-30 10:02:36,13.06,10,69179,53,-,13.05,13.04,13.03,13.02,13.01,13.06,13.07,13.08,13.09,13.10,170,1652,1789,1155,796,646,3857,494,1106,1399
sz,000001,2022-12-30 10:02:39,13.06,6,24809,19,-,13.05,13.04,13.03,13.02,13.01,13.06,13.07,13.08,13.09,13.10,169,1661,1787,1155,795,632,3857,494,1106,1399
sz,000001,2022-12-30 10:02:42,13.06,2,22202,17,-,13.05,13.04,13.03,13.02,13.01,13.06,13.07,13.08,13.09,13.10,169,1728,1787,1155,795,615,3877,494,1106,1382
sz,000001,2022-12-30 10:02:45,13.06,3,41774,32,-,13.05,13.04,13.03,13.02,13.01,13.06,13.07,13.08,13.09,13.10,244,1728,1787,1155,932,609,3877,494,1106,1382
sz,000001,2022-12-30 10:02:48,13.06,1,5224,4,-,13.05,13.04,13.03,13.02,13.01,13.06,13.07,13.08,13.09,13.10,265,1728,1812,1155,932,610,3877,494,1106,1382
