市场代码,证券代码,时间,最新价,成交笔数,成交额,成交量,方向,买一价,买二价,买三价,买四价,买五价,卖一价,卖二价,卖三价,卖四价,卖五价,买一量,买二量,买三量,买四量,买五量,卖一量,卖二量,卖三量,卖四量,卖五量
sh,510050,2019-10-31 09:25:01,3.0070,112,5178655.0000,17222,S,3.0070,3.0060,3.0050,3.0040,3.0030,3.0080,3.0090,3.0100,3.0110,3.0120,2768,2950,3830,18160,4354,7830,3122,6639,584,1971
sh,510050,2019-10-31 09:30:01,3.0090,77,4671964.0000,15532,S,3.0080,3.0070,3.0060,3.0050,3.0040,3.0090,3.0100,3.0110,3.0120,3.0130,2,1943,15685,3599,322,3477,7064,5295,2573,1443
sh,510050,2019-10-31 09:30:04,3.0070,82,1812481.0000,6027,S,3.0060,3.0050,3.0040,3.0030,3.0020,3.0070,3.0080,3.0090,3.0100,3.0110,16646,4179,419,4229,242,6519,9477,4927,14798,6196
sh,510050,2019-10-31 09:30:07,3.0060,41,6413870.0000,21327,S,3.0060,3.0050,3.0040,3.0030,3.0020,3.0070,3.0090,3.0100,3.0110,3.0120,18001,4179,419,4229,242,28,4920,16858,7239,6221
sh,510050,2019-10-31 09:30:10,3.0070,3,91110.0000,303,S,3.0060,3.0050,3.0040,3.0030,3.0020,3.0070,3.0080,3.0090,3.0100,3.0110,18301,4479,1419,25,242,175,904,8182,16858,7239
sh,510050,2019-10-31 09:30:13,3.0070,6,66460.0000,221,S,3.0070,3.0060,3.0050,3.0040,3.0030,3.0080,3.0090,3.0100,3.0110,3.0120,132,12848,4279,7419,25,904,8232,16858,7239,3421
sh,510050,2019-10-31 09:30:16,3.0060,4,928860.0000,3090,S,3.0070,3.0060,3.0050,3.0040,3.0030,3.0080,3.0090,3.0100,3.0110,3.0120,10,1896,4179,4419,1025,1701,10832,16858,7239,3398
sh,510050,2019-10-31 09:30:19,3.0060,2,3610.0000,12,S,3.0060,3.0050,3.0040,3.0030,3.0020,3.0070,3.0080,3.0090,3.0100,3.0110,1894,1110,1619,2025,242,6026,5151,7932,16926,6839
sh,510050,2019-10-31 09:30:22,3.0050,8,619230.0000,2060,S,3.0050,3.0040,3.0030,3.0020,3.0010,3.0060,3.0070,3.0080,3.0090,3.0100,1040,1919,8825,6242,939,7021,14046,9351,4945,16926
sh,510050,2019-10-31 09:30:25,3.0050,8,654480.0000,2177,S,3.0050,3.0040,3.0030,3.0020,3.0010,3.0060,3.0070,3.0080,3.0090,3.0100,940,3185,8958,1242,939,9081,28486,10351,4926,17046
sh,510050,2019-10-31 09:30:28,3.0050,3,308320.0000,1026,S,3.0040,3.0030,3.0020,3.0010,3.0000,3.0050,3.0060,3.0070,3.0080,3.0090,1419,8225,4242,939,3396,3260,12029,28588,7502,4756
sh,510050,2019-10-31 09:30:31,3.0040,8,520620.0000,1733,S,3.0030,3.0020,3.0010,3.0000,2.9990,3.0040,3.0050,3.0060,3.0070,3.0080,8225,5975,1673,3396,3896,81,2988,12633,26393,6748
sh,510050,2019-10-31 09:30:34,3.0040,1,7220.0000,24,S,3.0030,3.0020,3.0010,3.0000,2.9990,3.0040,3.0050,3.0060,3.0070,3.0080,8526,9240,2673,3396,3896,107,2992,12728,16743,6748
sh,510050,2019-10-31 09:30:37,3.0030,6,62780.0000,209,S,3.0030,3.0020,3.0010,3.0000,2.9990,3.0040,3.0050,3.0060,3.0070,3.0080,2520,15240,2748,3396,3896,174,96,15855,10743,9748
sh,510050,2019-10-31 09:30:40,3.0030,12,725260.0000,2415,S,3.0030,3.0020,3.0010,3.0000,2.9990,3.0040,3.0050,3.0060,3.0070,3.0080,6370,9240,2748,3396,3896,3,1205,6865,19743,6748
sh,510050,2019-10-31 09:30:43,3.0040,5,119560.0000,398,S,3.0040,3.0030,3.0020,3.0010,3.0000,3.0050,3.0060,3.0070,3.0080,3.0090,123,6001,5507,2748,3446,4223,18900,7743,6781,4519
sh,510050,2019-10-31 09:30:46,3.0030,3,103010.0000,343,S,3.0030,3.0020,3.0010,3.0000,2.9990,3.0040,3.0050,3.0060,3.0070,3.0080,8780,8507,8748,4080,3896,5300,13223,19005,7708,6781
sh,510050,2019-10-31 09:30:49,3.0030,3,2611110.0000,8695,S,3.0030,3.0020,3.0010,3.0000,2.9990,3.0040,3.0050,3.0060,3.0070,3.0080,1,2507,14748,4080,3896,8290,28223,7348,1642,6981
sh,510050,2019-10-31 09:30:55,3.0030,9,583600.0000,1944,S,3.0020,3.0010,3.0000,2.9990,2.9980,3.0030,3.0040,3.0050,3.0060,3.0070,7512,8214,4080,4630,373,233,9408,19223,13348,1642
sh,510050,2019-10-31 09:30:58,3.0030,9,1211180.0000,4033,S,3.0030,3.0020,3.0010,3.0000,2.9990,3.0040,3.0050,3.0060,3.0070,3.0080,2995,7607,2114,4080,4630,7104,16246,4548,10642,6830
sh,510050,2019-10-31 09:31:01,3.0020,10,782320.0000,2605,S,3.0020,3.0010,3.0000,2.9990,2.9980,3.0040,3.0050,3.0060,3.0070,3.0080,10040,5114,5084,4630,373,104,16227,13048,4455,6830
sh,510050,2019-10-31 09:31:04,3.0030,2,31240.0000,104,S,3.0030,3.0020,3.0010,3.0000,2.9990,3.0040,3.0050,3.0060,3.0070,3.0080,2996,4040,8114,5084,5630,324,7228,6714,5455,6930
sh,510050,2019-10-31 09:31:07,3.0030,3,32740.0000,109,S,3.0030,3.0020,3.0010,3.0000,2.9990,3.0040,3.0050,3.0060,3.0070,3.0080,3687,12640,2114,5084,5630,824,1228,21714,5485,3980
sh,510050,2019-10-31 09:31:10,3.0020,12,3117250.0000,10381,S,3.0020,3.0010,3.0000,2.9990,2.9980,3.0030,3.0040,3.0050,3.0060,3.0070,2053,2114,10350,4896,473,1806,6824,1228,15714,5485
sh,510050,2019-10-31 09:31:13,3.0040,9,822920.0000,2740,S,3.0040,3.0020,3.0010,3.0000,2.9990,3.0050,3.0060,3.0070,3.0080,3.0090,5066,5053,5114,4417,4019,4328,12714,1384,10180,4225
sh,510050,2019-10-31 09:31:16,3.0020,5,2637290.0000,8783,S,3.0020,3.0010,3.0000,2.9990,2.9980,3.0030,3.0050,3.0060,3.0070,3.0080,11654,2089,4417,4019,473,3819,4339,21714,1384,4180
sh,510050,2019-10-31 09:31:19,3.0020,8,1247160.0000,4153,S,3.0030,3.0020,3.0010,3.0000,2.9990,3.0050,3.0060,3.0070,3.0080,3.0090,3051,14602,2139,4708,5019,6927,22714,4384,2680,4215
sh,510050,2019-10-31 09:31:22,3.0030,2,12910.0000,43,S,3.0030,3.0020,3.0010,3.0000,2.9990,3.0050,3.0060,3.0070,3.0080,3.0090,3458,4153,11339,4674,5019,15730,19714,4384,2680,4215
sh,510050,2019-10-31 09:31:25,3.0040,3,257520.0000,857,S,3.0030,3.0020,3.0010,3.0000,2.9990,3.0040,3.0050,3.0060,3.0070,3.0080,3508,4503,11539,4674,5019,1376,12137,25714,4384,2737
sh,510050,2019-10-31 09:31:28,3.0040,2,67570.0000,225,S,3.0030,3.0020,3.0010,3.0000,2.9990,3.0040,3.0050,3.0060,3.0070,3.0080,3398,4603,8539,5675,4019,1276,18303,12714,5384,2737
sh,510050,2019-10-31 09:31:31,3.0040,2,1810.0000,6,S,3.0030,3.0020,3.0010,3.0000,2.9990,3.0040,3.0050,3.0060,3.0070,3.0080,3398,4603,11539,5875,4019,1370,12300,18774,8384,2737
sh,510050,2019-10-31 09:31:34,3.0030,5,302760.0000,1008,S,3.0030,3.0020,3.0010,3.0000,2.9990,3.0040,3.0050,3.0060,3.0070,3.0080,2980,4603,5539,11885,4019,897,18335,12774,5455,2737
sh,510050,2019-10-31 09:31:37,3.0040,4,378680.0000,1261,S,3.0030,3.0020,3.0010,3.0000,2.9990,3.0040,3.0050,3.0060,3.0070,3.0080,1519,13603,2539,6654,4753,1165,12401,18774,8455,2737
sh,510050,2019-10-31 09:31:40,3.0030,2,6010.0000,20,S,3.0030,3.0020,3.0010,3.0000,2.9990,3.0040,3.0050,3.0060,3.0070,3.0080,1509,7603,8539,6654,4743,1489,9598,12774,5655,2737
sh,510050,2019-10-31 09:31:43,3.0050,9,474340.0000,1579,S,3.0040,3.0030,3.0020,3.0010,3.0000,3.0050,3.0060,3.0070,3.0080,3.0090,410,1562,4603,8539,6654,9548,12774,8655,2737,4246
sh,510050,2019-10-31 09:31:46,3.0040,3,296500.0000,987,S,3.0030,3.0020,3.0010,3.0000,2.9990,3.0040,3.0050,3.0060,3.0070,3.0080,4612,3586,12539,5786,4743,5063,3698,24774,1655,3737
sh,510050,2019-10-31 09:31:49,3.0040,3,131570.0000,438,S,3.0030,3.0020,3.0010,3.0000,2.9990,3.0040,3.0050,3.0060,3.0070,3.0080,1612,656,15539,5836,4743,4751,10823,18774,1655,3737
sh,510050,2019-10-31 09:31:52,3.0030,12,484090.0000,1612,S,3.0020,3.0010,3.0000,2.9990,2.9980,3.0030,3.0040,3.0050,3.0060,3.0070,656,12639,8836,4743,813,7627,10624,19910,6774,1655
sh,510050,2019-10-31 09:31:55,3.0030,1,3000.0000,10,S,3.0020,3.0010,3.0000,2.9990,2.9980,3.0030,3.0040,3.0050,3.0060,3.0070,756,15639,5836,4736,813,7617,10634,20013,6774,1655
sh,510050,2019-10-31 09:31:58,3.0040,10,2323640.0000,7738,S,3.0030,3.0020,3.0010,3.0000,2.9990,3.0040,3.0050,3.0060,3.0070,3.0080,3100,7456,8639,5836,5736,4514,11425,7809,16655,1737
sh,510050,2019-10-31 09:32:01,3.0040,2,54670.0000,182,S,3.0030,3.0020,3.0010,3.0000,2.9990,3.0040,3.0050,3.0060,3.0070,3.0080,3100,7556,8639,5840,5736,1447,11425,19809,4655,1737
sh,510050,2019-10-31 09:32:04,3.0040,3,349350.0000,1163,S,3.0030,3.0020,3.0010,3.0000,2.9990,3.0040,3.0050,3.0060,3.0070,3.0080,5865,12456,2639,5840,5736,419,5437,10809,4655,1737
sh,510050,2019-10-31 09:32:10,3.0030,1,15020.0000,50,S,3.0030,3.0020,3.0010,3.0000,2.9990,3.0040,3.0050,3.0060,3.0070,3.0080,6124,656,14239,5840,4736,669,8776,15809,4655,1737
sh,510050,2019-10-31 09:32:13,3.0030,2,213210.0000,710,S,3.0030,3.0020,3.0010,3.0000,2.9990,3.0040,3.0050,3.0060,3.0070,3.0080,2654,389,8239,21840,4736,3719,8776,21809,2655,1737
sh,510050,2019-10-31 09:32:19,3.0030,7,872070.0000,2904,S,3.0020,3.0010,3.0000,2.9990,2.9980,3.0030,3.0040,3.0050,3.0060,3.0070,391,2143,15940,13736,843,18699,33267,2776,3809,2655
sh,510050,2019-10-31 09:32:22,3.0020,8,129390.0000,431,S,3.0010,3.0000,2.9990,2.9980,2.9970,3.0020,3.0030,3.0040,3.0050,3.0060,2143,15940,13736,843,283,2609,18738,43264,2776,3809
sh,510050,2019-10-31 09:32:25,3.0010,15,668330.0000,2227,S,3.0000,2.9990,2.9980,2.9970,2.9960,3.0010,3.0020,3.0030,3.0040,3.0050,5207,4736,9843,9283,430,3790,5669,25638,14014,2776
sh,510050,2019-10-31 09:32:28,3.0010,1,22500.0000,75,S,3.0000,2.9990,2.9980,2.9970,2.9960,3.0010,3.0020,3.0030,3.0040,3.0050,4957,4736,19577,1283,430,9002,5824,28479,14887,2811
sh,510050,2019-10-31 09:32:31,3.0010,29,903010.0000,3010,S,3.0000,2.9990,2.9980,2.9970,2.9960,3.0010,3.0020,3.0030,3.0040,3.0050,11789,4002,18843,1283,430,8994,2975,25479,15037,2811
sh,510050,2019-10-31 09:32:34,3.0000,22,2027990.0000,6760,S,3.0000,2.9990,2.9980,2.9970,2.9960,3.0010,3.0020,3.0030,3.0040,3.0050,5046,4002,12843,8018,1165,5978,17975,10479,14783,2811
sh,510050,2019-10-31 09:32:37,3.0010,6,1149040.0000,3830,S,3.0000,2.9990,2.9980,2.9970,2.9960,3.0010,3.0020,3.0030,3.0040,3.0050,1660,4516,12843,8018,1165,5584,20860,10479,14783,2730
sh,510050,2019-10-31 09:32:40,3.0000,5,620100.0000,2067,S,2.9990,2.9980,2.9970,2.9960,2.9950,3.0000,3.0010,3.0020,3.0030,3.0040,7516,15843,2018,1165,1010,14612,5927,5820,18579,17783
sh,510050,2019-10-31 09:32:43,3.0000,7,1272900.0000,4243,S,2.9990,2.9980,2.9970,2.9960,2.9950,3.0000,3.0010,3.0020,3.0030,3.0040,9188,16143,2018,1165,1010,10000,3346,11997,12579,17783
sh,510050,2019-10-31 09:32:46,3.0000,26,3318230.0000,11061,S,3.0000,2.9990,2.9980,2.9970,2.9960,3.0010,3.0020,3.0030,3.0040,3.0050,11938,19792,843,1283,430,3346,2970,12579,23783,4240
sh,510050,2019-10-31 09:32:49,3.0020,7,1148170.0000,3827,S,3.0000,2.9990,2.9980,2.9970,2.9960,3.0020,3.0030,3.0040,3.0050,3.0060,6441,19401,7143,1283,430,8814,14945,17783,4240,4641
sh,510050,2019-10-31 09:32:52,3.0010,4,18300.0000,61,S,3.0000,2.9990,2.9980,2.9970,2.9960,3.0010,3.0020,3.0030,3.0040,3.0050,6112,22401,1043,1283,430,113,2814,20945,13783,5172
sh,510050,2019-10-31 09:32:55,3.0010,1,15000.0000,50,S,3.0000,2.9990,2.9980,2.9970,2.9960,3.0010,3.0020,3.0030,3.0040,3.0050,6698,25201,1043,2018,1165,864,2814,20876,16783,5247
sh,510050,2019-10-31 09:32:58,3.0000,3,297910.0000,993,S,3.0000,2.9990,2.9980,2.9970,2.9960,3.0010,3.0020,3.0030,3.0040,3.0050,4445,13101,7043,8018,1165,10183,2814,23876,13783,5147
sh,510050,2019-10-31 09:33:04,3.0000,2,239400.0000,798,S,3.0000,2.9990,2.9980,2.9970,2.9960,3.0010,3.0020,3.0030,3.0040,3.0050,4381,25201,1013,1018,1165,4123,5663,20876,16783,4110
sh,510050,2019-10-31 09:33:07,3.0010,12,1419140.0000,4729,S,3.0000,2.9990,2.9980,2.9970,2.9960,3.0010,3.0020,3.0030,3.0040,3.0050,3712,13501,13013,2018,1169,2643,8696,17876,17783,4110
sh,510050,2019-10-31 09:33:10,3.0000,5,148820.0000,496,S,3.0000,2.9990,2.9980,2.9970,2.9960,3.0010,3.0020,3.0030,3.0040,3.0050,3442,22551,4013,2068,1169,2480,2696,23876,17783,4110
sh,510050,2019-10-31 09:33:13,3.0010,4,915310.0000,3050,S,3.0000,2.9990,2.9980,2.9970,2.9960,3.0010,3.0020,3.0030,3.0040,3.0050,13572,13702,1013,2068,4169,1570,2696,14876,20783,7110
sh,510050,2019-10-31 09:33:16,3.0010,3,510160.0000,1700,S,3.0010,3.0000,2.9990,2.9980,2.9970,3.0020,3.0030,3.0040,3.0050,3.0060,1602,13233,14202,813,2068,2661,5876,23783,16110,3874
sh,510050,2019-10-31 09:33:25,3.0020,7,185530.0000,618,S,3.0020,3.0010,3.0000,2.9990,2.9980,3.0030,3.0040,3.0050,3.0060,3.0070,2449,14736,14763,4652,1547,8293,16944,22110,6874,1794
sh,510050,2019-10-31 09:33:28,3.0020,1,15610.0000,52,S,3.0020,3.0010,3.0000,2.9990,2.9980,3.0030,3.0040,3.0050,3.0060,3.0070,4705,17901,14689,4452,1547,5876,18432,19110,9874,1794
sh,510050,2019-10-31 09:33:31,3.0030,1,3000.0000,10,S,3.0020,3.0010,3.0000,2.9990,2.9980,3.0030,3.0040,3.0050,3.0060,3.0070,4905,26401,5489,5452,4383,5866,15432,19110,7874,1794
sh,510050,2019-10-31 09:33:34,3.0020,3,71450.0000,238,S,3.0020,3.0010,3.0000,2.9990,2.9980,3.0030,3.0040,3.0050,3.0060,3.0070,7797,26405,5636,6156,4483,5847,13015,12910,10874,1794
sh,510050,2019-10-31 09:33:37,3.0030,6,2481680.0000,8264,S,3.0030,3.0020,3.0010,3.0000,2.9990,3.0040,3.0050,3.0060,3.0070,3.0080,956,4796,26505,5659,6156,3015,18910,10874,1794,907
sh,510050,2019-10-31 09:33:43,3.0030,7,297300.0000,990,S,3.0020,3.0010,3.0000,2.9990,2.9980,3.0040,3.0050,3.0060,3.0070,3.0080,6460,23505,6559,5156,1647,6015,18910,6874,2794,907
sh,510050,2019-10-31 09:33:46,3.0030,1,8110.0000,27,S,3.0020,3.0010,3.0000,2.9990,2.9980,3.0030,3.0040,3.0050,3.0060,3.0070,6470,14305,18544,5156,1647,6172,9015,24910,6879,2794
sh,510050,2019-10-31 09:33:58,3.0030,5,205700.0000,685,S,3.0020,3.0010,3.0000,2.9990,2.9980,3.0030,3.0040,3.0050,3.0060,3.0070,6674,11105,20288,8656,1213,18177,12191,21910,7879,2001
sh,510050,2019-10-31 09:34:01,3.0020,1,12010.0000,40,S,3.0020,3.0010,3.0000,2.9990,2.9980,3.0030,3.0040,3.0050,3.0060,3.0070,6847,11105,20303,9156,1213,18177,12291,21910,7879,2001
sh,510050,2019-10-31 09:34:04,3.0030,1,3000.0000,10,S,3.0020,3.0010,3.0000,2.9990,2.9980,3.0030,3.0040,3.0050,3.0060,3.0070,6806,10940,19569,9056,1113,18167,9625,18910,10879,2001
sh,510050,2019-10-31 09:34:07,3.0030,1,5110.0000,17,S,3.0020,3.0010,3.0000,2.9990,2.9980,3.0030,3.0040,3.0050,3.0060,3.0070,6987,1940,10542,22956,1847,18150,9625,21910,6879,2001
sh,510050,2019-10-31 09:34:13,3.0030,20,4351340.0000,14491,S,3.0010,3.0000,2.9990,2.9980,2.9970,3.0030,3.0040,3.0050,3.0060,3.0070,1940,28542,8956,1847,333,4423,21625,6875,4879,2103
sh,510050,2019-10-31 09:34:16,3.0020,3,39320.0000,131,S,3.0010,3.0000,2.9990,2.9980,2.9970,3.0020,3.0030,3.0040,3.0050,3.0060,2950,7042,8956,19847,333,8369,20023,6625,3875,4879
sh,510050,2019-10-31 09:34:22,3.0020,2,150700.0000,502,S,3.0010,3.0000,2.9990,2.9980,2.9970,3.0020,3.0030,3.0040,3.0050,3.0060,1668,7042,7956,20847,333,19527,29026,6964,4875,6879
sh,510050,2019-10-31 09:34:25,3.0010,11,515270.0000,1717,S,3.0000,2.9990,2.9980,2.9970,2.9960,3.0010,3.0020,3.0030,3.0040,3.0050,7012,7222,23113,333,534,312,23208,22426,3893,4800
sh,510050,2019-10-31 09:34:31,3.0000,7,774300.0000,2581,S,3.0000,2.9990,2.9980,2.9970,2.9960,3.0010,3.0020,3.0030,3.0040,3.0050,4330,7325,14113,10068,1269,19141,24594,4523,893,4800
sh,510050,2019-10-31 09:34:34,3.0000,27,1397700.0000,4659,S,2.9990,2.9980,2.9970,2.9960,2.9950,3.0000,3.0010,3.0020,3.0030,3.0040,16525,12813,1068,1269,1291,3354,6475,17994,4523,3893
sh,510050,2019-10-31 09:34:37,3.0000,2,356700.0000,1189,S,2.9990,2.9980,2.9970,2.9960,2.9950,3.0000,3.0010,3.0020,3.0030,3.0040,8026,21813,948,1534,1291,2172,475,20994,5523,3893
sh,510050,2019-10-31 09:34:40,3.0000,7,342900.0000,1143,S,2.9990,2.9980,2.9970,2.9960,2.9950,3.0000,3.0010,3.0020,3.0030,3.0040,8230,19013,3213,1534,1291,1093,2431,20994,8523,893
sh,510050,2019-10-31 09:34:43,3.0000,7,44980.0000,150,S,2.9990,2.9980,2.9970,2.9960,2.9950,3.0000,3.0010,3.0020,3.0030,3.0040,7930,1013,9213,11269,2026,3016,8431,21144,5523,893
sh,510050,2019-10-31 09:34:46,2.9990,34,931800.0000,3107,S,2.9990,2.9980,2.9970,2.9960,2.9950,3.0000,3.0010,3.0020,3.0030,3.0040,4573,1013,213,17269,2041,5965,23431,12144,2523,3893
sh,510050,2019-10-31 09:34:49,2.9990,19,1562830.0000,5211,S,2.9980,2.9970,2.9960,2.9950,2.9940,2.9990,3.0000,3.0010,3.0020,3.0030,1013,4413,19919,2041,310,5058,14106,23294,6144,1523
sh,510050,2019-10-31 09:34:52,2.9990,3,51000.0000,170,S,2.9980,2.9970,2.9960,2.9950,2.9940,2.9990,3.0000,3.0010,3.0020,3.0030,974,21813,1519,2041,310,5088,8106,20294,3483,4523
sh,510050,2019-10-31 09:34:55,2.9990,4,1525880.0000,5088,S,2.9990,2.9980,2.9970,2.9960,2.9950,3.0000,3.0010,3.0020,3.0030,3.0040,712,10374,15463,1369,2041,5465,5174,483,16523,993
sh,510050,2019-10-31 09:35:01,2.9990,1,58480.0000,195,S,2.9990,2.9980,2.9970,2.9960,2.9950,3.0000,3.0010,3.0020,3.0030,3.0040,769,8413,18720,4634,2041,6065,20174,9483,5523,993
sh,510050,2019-10-31 09:35:04,3.0000,1,600.0000,2,S,2.9990,2.9980,2.9970,2.9960,2.9950,3.0000,3.0010,3.0020,3.0030,3.0040,770,5413,21720,1649,2091,5413,20341,6483,5523,993
sh,510050,2019-10-31 09:35:07,3.0000,1,15000.0000,50,S,2.9990,2.9980,2.9970,2.9960,2.9950,3.0000,3.0010,3.0020,3.0030,3.0040,7274,23613,720,1649,2091,2364,5341,15483,8523,3972
sh,510050,2019-10-31 09:35:10,2.9990,4,47090.0000,157,S,2.9990,2.9980,2.9970,2.9960,2.9950,3.0000,3.0010,3.0020,3.0030,3.0040,7472,23761,720,1649,2091,17,5341,18483,5523,972
sh,510050,2019-10-31 09:35:13,3.0000,3,9300.0000,31,S,3.0000,2.9990,2.9980,2.9970,2.9960,3.0010,3.0020,3.0030,3.0040,3.0050,471,9608,23807,726,1649,2341,15483,5423,3972,3728
sh,510050,2019-10-31 09:35:16,3.0000,2,21600.0000,72,S,3.0000,2.9990,2.9980,2.9970,2.9960,3.0010,3.0020,3.0030,3.0040,3.0050,409,9716,20807,1726,649,2339,9483,10423,1972,3728
sh,510050,2019-10-31 09:35:19,3.0010,2,2690.0000,9,S,3.0000,2.9990,2.9980,2.9970,2.9960,3.0010,3.0020,3.0030,3.0040,3.0050,401,16019,10143,10726,710,8341,15483,4423,1972,6728
sh,510050,2019-10-31 09:35:22,3.0000,2,14400.0000,48,S,3.0000,2.9990,2.9980,2.9970,2.9960,3.0010,3.0020,3.0030,3.0040,3.0050,364,16191,10143,9766,710,5002,24483,1423,972,6728
sh,510050,2019-10-31 09:35:25,3.0000,6,114310.0000,381,S,2.9990,2.9980,2.9970,2.9960,2.9950,3.0000,3.0010,3.0020,3.0030,3.0040,16789,1143,13766,9610,2091,5819,17098,18483,4423,1972
sh,510050,2019-10-31 09:35:28,3.0000,1,2700.0000,9,S,2.9990,2.9980,2.9970,2.9960,2.9950,3.0000,3.0010,3.0020,3.0030,3.0040,21993,1345,22766,634,2091,100,14099,18483,1423,1972
sh,510050,2019-10-31 09:35:31,3.0000,1,7190.0000,24,S,2.9990,2.9980,2.9970,2.9960,2.9950,3.0000,3.0010,3.0020,3.0030,3.0040,22293,7345,16666,634,2091,76,11099,24483,4494,1972
sh,510050,2019-10-31 09:35:34,3.0000,3,33010.0000,110,S,2.9990,2.9980,2.9970,2.9960,2.9950,3.0000,3.0010,3.0020,3.0030,3.0040,23320,21945,1666,634,2081,1666,11099,15485,10494,4972
sh,510050,2019-10-31 09:35:37,3.0000,3,162300.0000,541,S,2.9990,2.9980,2.9970,2.9960,2.9950,3.0000,3.0010,3.0020,3.0030,3.0040,23020,18934,3666,634,2081,1125,8099,15252,4494,972
sh,510050,2019-10-31 09:35:40,3.0000,5,155100.0000,517,S,2.9990,2.9980,2.9970,2.9960,2.9950,3.0000,3.0010,3.0020,3.0030,3.0040,23030,19134,3666,4634,2201,708,8099,21252,8494,1472
sh,510050,2019-10-31 09:35:43,3.0000,8,284070.0000,947,S,3.0000,2.9990,2.9980,2.9970,2.9960,3.0010,3.0020,3.0030,3.0040,3.0050,1201,22803,19234,666,4634,8017,15252,11494,2502,4728
sh,510050,2019-10-31 09:35:46,3.0000,3,279600.0000,932,S,3.0000,2.9990,2.9980,2.9970,2.9960,3.0010,3.0020,3.0030,3.0040,3.0050,1,23168,22034,666,1634,8017,15252,17494,5502,4728
sh,510050,2019-10-31 09:35:49,3.0000,2,46510.0000,155,S,3.0000,2.9990,2.9980,2.9970,2.9960,3.0010,3.0020,3.0030,3.0040,3.0050,267,31968,13034,3666,1634,735,9252,20494,8502,4728
sh,510050,2019-10-31 09:35:52,3.0010,3,90030.0000,300,S,3.0000,2.9990,2.9980,2.9970,2.9960,3.0010,3.0020,3.0030,3.0040,3.0050,6428,34788,10234,1666,3472,335,252,10494,9502,7728
sh,510050,2019-10-31 09:35:55,3.0000,13,227440.0000,758,S,3.0000,2.9990,2.9980,2.9970,2.9960,3.0020,3.0030,3.0040,3.0050,3.0060,13570,43188,4234,1466,1369,257,4494,24502,10728,3829
sh,510050,2019-10-31 09:35:58,3.0020,3,75050.0000,250,S,3.0010,3.0000,2.9990,2.9980,2.9970,3.0020,3.0030,3.0040,3.0050,3.0060,750,25620,27692,4234,1466,1878,4494,24502,10728,3829
sh,510050,2019-10-31 09:36:01,3.0020,4,90060.0000,300,S,3.0010,3.0000,2.9990,2.9980,2.9970,3.0020,3.0030,3.0040,3.0050,3.0060,4051,24953,28032,4234,1466,1578,7155,18502,13728,6829
sh,510050,2019-10-31 09:36:04,3.0020,1,90060.0000,300,S,3.0010,3.0000,2.9990,2.9980,2.9970,3.0020,3.0030,3.0040,3.0050,3.0060,4051,21753,28082,4234,466,103,7155,23502,7728,3829
sh,510050,2019-10-31 09:36:07,3.0020,2,30930.0000,103,S,3.0020,3.0010,3.0000,2.9990,2.9980,3.0030,3.0040,3.0050,3.0060,3.0070,505,3903,33888,19082,1034,7155,17504,10728,6829,3035
sh,510050,2019-10-31 09:36:10,3.0020,2,24000.0000,80,S,3.0020,3.0010,3.0000,2.9990,2.9980,3.0030,3.0040,3.0050,3.0060,3.0070,765,7303,22037,18082,1034,7155,8504,4728,17400,3035
sh,510050,2019-10-31 09:36:13,3.0020,2,60040.0000,200,S,3.0020,3.0010,3.0000,2.9990,2.9980,3.0030,3.0040,3.0050,3.0060,3.0070,4159,15504,12537,18082,3870,4494,2504,22730,8400,2304
sh,510050,2019-10-31 09:36:19,3.0030,6,192790.0000,642,S,3.0020,3.0010,3.0000,2.9990,2.9980,3.0030,3.0040,3.0050,3.0060,3.0070,1616,16224,15631,15411,1768,3908,8504,22730,11402,2304
sh,510050,2019-10-31 09:36:22,3.0030,1,13810.0000,46,S,3.0020,3.0010,3.0000,2.9990,2.9980,3.0030,3.0040,3.0050,3.0060,3.0070,1916,16224,15766,15413,1768,3862,8504,22730,11402,2306
sh,510050,2019-10-31 09:36:25,3.0030,1,3010.0000,10,S,3.0020,3.0010,3.0000,2.9990,2.9980,3.0030,3.0040,3.0050,3.0060,3.0070,3655,16024,9796,15504,1743,3781,8504,16730,8402,2306
sh,510050,2019-10-31 09:36:28,3.0030,2,90390.0000,301,S,3.0020,3.0010,3.0000,2.9990,2.9980,3.0030,3.0040,3.0050,3.0060,3.0070,7083,27824,796,15504,5179,3480,2575,4730,11402,14306
sh,510050,2019-10-31 09:36:37,3.0020,6,158250.0000,527,S,3.0020,3.0010,3.0000,2.9990,2.9980,3.0030,3.0040,3.0050,3.0060,3.0070,6510,24744,3962,16296,5182,4089,2575,19730,11402,8206
sh,510050,2019-10-31 09:36:40,3.0030,2,30030.0000,100,S,3.0020,3.0010,3.0000,2.9990,2.9980,3.0030,3.0040,3.0050,3.0060,3.0070,6510,24744,962,19346,5182,3989,3575,19780,11402,8206
sh,510050,2019-10-31 09:36:43,3.0030,2,6010.0000,20,S,3.0020,3.0010,3.0000,2.9990,2.9980,3.0030,3.0040,3.0050,3.0060,3.0070,9305,24744,1062,19421,2346,3974,3575,22780,11402,2206
sh,510050,2019-10-31 09:36:46,3.0020,18,2697340.0000,8985,S,3.0020,3.0010,3.0000,2.9990,2.9980,3.0030,3.0040,3.0050,3.0060,3.0070,98,3144,10132,25421,8182,7019,12575,22883,5402,2206
sh,510050,2019-10-31 09:36:49,3.0020,7,247010.0000,823,S,3.0010,3.0000,2.9990,2.9980,2.9970,3.0020,3.0030,3.0040,3.0050,3.0060,348,22382,15421,2346,505,3455,7719,18575,13883,4402
sh,510050,2019-10-31 09:36:52,3.0030,4,1044750.0000,3480,S,3.0020,3.0010,3.0000,2.9990,2.9980,3.0030,3.0040,3.0050,3.0060,3.0070,2545,383,22919,15421,6346,8194,18575,14883,4402,2206
sh,510050,2019-10-31 09:36:58,3.0030,2,186780.0000,622,S,3.0020,3.0010,3.0000,2.9990,2.9980,3.0030,3.0040,3.0050,3.0060,3.0070,2425,383,22923,15450,6346,7744,18575,14883,7402,2206
sh,510050,2019-10-31 09:37:01,3.0020,2,97900.0000,326,S,3.0020,3.0010,3.0000,2.9990,2.9980,3.0030,3.0040,3.0050,3.0060,3.0070,2412,1181,23031,15620,6365,7431,18575,17883,7402,2206
sh,510050,2019-10-31 09:37:04,3.0020,1,15010.0000,50,S,3.0020,3.0010,3.0000,2.9990,2.9980,3.0030,3.0040,3.0050,3.0060,3.0070,2362,7946,20031,16620,2365,9904,18575,13883,11402,2206
sh,510050,2019-10-31 09:37:07,3.0030,1,90080.0000,300,S,3.0020,3.0010,3.0000,2.9990,2.9980,3.0030,3.0040,3.0050,3.0060,3.0070,2562,19979,11031,19620,2365,6004,3575,13933,20407,2206
sh,510050,2019-10-31 09:37:10,3.0030,3,133940.0000,446,S,3.0020,3.0010,3.0000,2.9990,2.9980,3.0030,3.0040,3.0050,3.0060,3.0070,2650,16979,14042,19620,2365,5561,3575,28933,11407,2206
sh,510050,2019-10-31 09:37:13,3.0020,4,510640.0000,1701,S,3.0020,3.0010,3.0000,2.9990,2.9980,3.0030,3.0040,3.0050,3.0060,3.0070,1059,13995,14042,19620,2365,5561,10216,16933,8407,2206
sh,510050,2019-10-31 09:37:16,3.0020,10,352690.0000,1175,S,3.0010,3.0000,2.9990,2.9980,2.9970,3.0020,3.0030,3.0040,3.0050,3.0060,12492,20042,16620,2365,3342,8825,5566,10491,22933,11407
sh,510050,2019-10-31 09:37:22,3.0030,11,3655730.0000,12177,S,3.0020,3.0010,3.0000,2.9990,2.9980,3.0030,3.0040,3.0050,3.0060,3.0070,14675,30492,1957,18620,2365,1661,4491,19933,7407,7206
sh,510050,2019-10-31 09:37:25,3.0020,1,12000.0000,40,S,3.0020,3.0010,3.0000,2.9990,2.9980,3.0030,3.0040,3.0050,3.0060,3.0070,11635,26892,1977,16620,5319,1931,4420,23065,8407,4206
sh,510050,2019-10-31 09:37:28,3.0020,8,3517450.0000,11717,S,3.0020,3.0010,3.0000,2.9990,2.9980,3.0030,3.0040,3.0050,3.0060,3.0070,198,8738,13977,25620,5319,10922,10420,26065,8478,4206
sh,510050,2019-10-31 09:37:31,3.0030,2,178380.0000,594,S,3.0020,3.0010,3.0000,2.9990,2.9980,3.0030,3.0040,3.0050,3.0060,3.0070,806,17538,13977,16620,2319,15628,4420,29065,11478,4206
sh,510050,2019-10-31 09:37:34,3.0020,2,5410.0000,18,S,3.0020,3.0010,3.0000,2.9990,2.9980,3.0030,3.0040,3.0050,3.0060,3.0070,803,11548,19987,16570,2319,12424,10420,23065,11538,4206
sh,510050,2019-10-31 09:37:37,3.0020,5,78650.0000,262,S,3.0020,3.0010,3.0000,2.9990,2.9980,3.0030,3.0040,3.0050,3.0060,3.0070,561,11548,16987,16570,5319,12003,10520,20070,5538,4206
sh,510050,2019-10-31 09:37:40,3.0020,13,1052200.0000,3504,S,3.0020,3.0010,3.0000,2.9990,2.9980,3.0030,3.0040,3.0050,3.0060,3.0070,6497,20748,11062,19570,2319,5174,4520,20070,8538,7206
sh,510050,2019-10-31 09:37:46,3.0020,2,7210.0000,24,S,3.0020,3.0010,3.0000,2.9990,2.9980,3.0030,3.0040,3.0050,3.0060,3.0070,12280,20748,11129,18570,2333,5244,4520,14073,19538,7206
sh,510050,2019-10-31 09:37:55,3.0030,3,219210.0000,730,S,3.0020,3.0010,3.0000,2.9990,2.9980,3.0030,3.0040,3.0050,3.0060,3.0070,24494,23787,2003,14895,2333,4549,4520,20073,11538,10206
sh,510050,2019-10-31 09:37:58,3.0020,3,9010.0000,30,S,3.0020,3.0010,3.0000,2.9990,2.9980,3.0030,3.0040,3.0050,3.0060,3.0070,18467,29853,2003,14895,5183,4549,4520,14073,17548,7206
sh,510050,2019-10-31 09:38:01,3.0030,8,1523390.0000,5074,S,3.0020,3.0010,3.0000,2.9990,2.9980,3.0030,3.0040,3.0050,3.0060,3.0070,12222,29853,2013,17895,5183,2720,4520,20073,14548,7206
sh,510050,2019-10-31 09:38:04,3.0030,2,201200.0000,670,S,3.0020,3.0010,3.0000,2.9990,2.9980,3.0030,3.0040,3.0050,3.0060,3.0070,9237,29853,2013,17895,2357,2050,4527,20073,8548,4206
sh,510050,2019-10-31 09:38:07,3.0030,3,36640.0000,122,S,3.0020,3.0010,3.0000,2.9990,2.9980,3.0030,3.0040,3.0050,3.0060,3.0070,6481,30053,2029,17895,5313,1995,4535,20073,11548,7206
sh,510050,2019-10-31 09:38:13,3.0030,2,14410.0000,48,S,3.0020,3.0010,3.0000,2.9990,2.9980,3.0030,3.0040,3.0050,3.0060,3.0070,18483,30053,5029,14907,5313,2821,5135,20073,14548,7206
sh,510050,2019-10-31 09:38:16,3.0030,1,3600.0000,12,S,3.0020,3.0010,3.0000,2.9990,2.9980,3.0030,3.0040,3.0050,3.0060,3.0070,21482,27053,5029,13907,5313,2827,4535,20073,10548,10206
sh,510050,2019-10-31 09:38:19,3.0030,10,863960.0000,2877,S,3.0030,3.0020,3.0010,3.0000,2.9990,3.0040,3.0050,3.0060,3.0070,3.0080,15336,31482,17653,5129,14907,4535,5073,11548,19206,1342
sh,510050,2019-10-31 09:38:25,3.0030,1,6010.0000,20,S,3.0030,3.0020,3.0010,3.0000,2.9990,3.0040,3.0050,3.0060,3.0070,3.0080,18394,34514,8653,5279,17742,5436,5073,5357,25206,7342
sh,510050,2019-10-31 09:38:28,3.0030,2,1510.0000,5,S,3.0030,3.0020,3.0010,3.0000,2.9990,3.0040,3.0050,3.0060,3.0070,3.0080,9389,24914,17653,2279,14907,9014,11073,23357,4206,1342
sh,510050,2019-10-31 09:38:31,3.0040,6,90120.0000,300,S,3.0030,3.0020,3.0010,3.0000,2.9990,3.0040,3.0050,3.0060,3.0070,3.0080,6388,21914,20653,2279,16907,8714,11073,19357,4277,1342
sh,510050,2019-10-31 09:38:34,3.0030,10,1017410.0000,3388,S,3.0020,3.0010,3.0000,2.9990,2.9980,3.0030,3.0040,3.0050,3.0060,3.0070,9514,11653,20829,13907,2477,12302,15314,23073,7357,5277
sh,510050,2019-10-31 09:38:37,3.0040,14,3333750.0000,11101,S,3.0020,3.0010,3.0000,2.9990,2.9980,3.0040,3.0050,3.0060,3.0070,3.0080,3578,8653,23829,13907,5477,14183,31803,7357,5279,1342
sh,510050,2019-10-31 09:38:43,3.0040,1,9020.0000,30,S,3.0020,3.0010,3.0000,2.9990,2.9980,3.0040,3.0050,3.0060,3.0070,3.0080,827,8653,22829,14907,4887,19558,25869,4357,5279,1745
sh,510050,2019-10-31 09:38:46,3.0020,5,30020.0000,100,S,3.0020,3.0010,3.0000,2.9990,2.9980,3.0030,3.0040,3.0050,3.0060,3.0070,395,5653,13829,23907,4887,14399,31858,16569,4357,5279
sh,510050,2019-10-31 09:38:49,3.0020,6,118570.0000,395,S,3.0010,3.0000,2.9990,2.9980,2.9970,3.0030,3.0040,3.0050,3.0060,3.0070,5367,19829,17903,1887,452,18724,28910,16569,4357,5279
sh,510050,2019-10-31 09:38:55,3.0020,5,37230.0000,124,S,3.0010,3.0000,2.9990,2.9980,2.9970,3.0020,3.0030,3.0040,3.0050,3.0060,5467,13829,20903,4887,452,177,9827,37916,13569,5389
sh,510050,2019-10-31 09:39:01,3.0020,1,300.0000,1,S,3.0010,3.0000,2.9990,2.9980,2.9970,3.0020,3.0030,3.0040,3.0050,3.0060,5472,23363,14703,4887,456,176,9827,26167,16569,5389
sh,510050,2019-10-31 09:39:04,3.0020,3,57030.0000,190,S,3.0020,3.0010,3.0000,2.9990,2.9980,3.0030,3.0040,3.0050,3.0060,3.0070,424,5458,26463,14703,4887,9827,22567,22569,5389,4280
sh,510050,2019-10-31 09:39:07,3.0020,1,34830.0000,116,S,3.0020,3.0010,3.0000,2.9990,2.9980,3.0030,3.0040,3.0050,3.0060,3.0070,549,17459,14463,16703,1887,10025,23067,19569,7389,4280
sh,510050,2019-10-31 09:39:13,3.0030,1,90090.0000,300,S,3.0020,3.0010,3.0000,2.9990,2.9980,3.0030,3.0040,3.0050,3.0060,3.0070,3833,24953,14463,17708,3885,7125,8067,25569,17389,4280
sh,510050,2019-10-31 09:39:16,3.0030,1,310.0000,1,S,3.0020,3.0010,3.0000,2.9990,2.9980,3.0030,3.0040,3.0050,3.0060,3.0070,10173,28153,14463,17708,3885,7194,8067,25569,11389,4280
sh,510050,2019-10-31 09:39:22,3.0030,7,1530010.0000,5095,S,3.0030,3.0020,3.0010,3.0000,2.9990,3.0040,3.0050,3.0060,3.0070,3.0080,1955,13478,20909,14463,17708,5163,25573,20389,4280,1828
sh,510050,2019-10-31 09:39:28,3.0020,11,1036220.0000,3451,S,3.0030,3.0020,3.0010,3.0000,2.9990,3.0040,3.0050,3.0060,3.0070,3.0080,30,18402,17739,8513,13708,5329,25573,16389,7280,1828
sh,510050,2019-10-31 09:39:37,3.0030,1,3010.0000,10,S,3.0030,3.0020,3.0010,3.0000,2.9990,3.0040,3.0050,3.0060,3.0070,3.0080,9630,27528,17549,9583,13708,5715,10575,13389,20280,1833
sh,510050,2019-10-31 09:39:43,3.0040,1,1190.0000,4,S,3.0030,3.0020,3.0010,3.0000,2.9990,3.0040,3.0050,3.0060,3.0070,3.0080,18751,33608,17549,8537,17063,5325,10575,10389,16280,1833
sh,510050,2019-10-31 09:39:46,3.0040,1,3010.0000,10,S,3.0030,3.0020,3.0010,3.0000,2.9990,3.0040,3.0050,3.0060,3.0070,3.0080,6775,24638,26483,9537,14228,5315,16575,25389,8280,1833
sh,510050,2019-10-31 09:39:52,3.0040,2,19520.0000,65,S,3.0030,3.0020,3.0010,3.0000,2.9990,3.0040,3.0050,3.0060,3.0070,3.0080,808,33648,17483,9537,14228,5305,10567,22389,14280,1833
sh,510050,2019-10-31 09:39:55,3.0030,2,30040.0000,100,S,3.0030,3.0020,3.0010,3.0000,2.9990,3.0040,3.0050,3.0060,3.0070,3.0080,9038,33648,17483,9537,17063,5305,10567,22389,17280,1833
sh,510050,2019-10-31 09:39:58,3.0040,2,3600.0000,12,S,3.0030,3.0020,3.0010,3.0000,2.9990,3.0040,3.0050,3.0060,3.0070,3.0080,16336,42368,8583,6536,17063,5260,10567,19389,14280,1833
sh,510050,2019-10-31 09:40:01,3.0040,1,3000.0000,10,S,3.0030,3.0020,3.0010,3.0000,2.9990,3.0040,3.0050,3.0060,3.0070,3.0080,12546,39368,8537,6564,14228,5372,10567,13389,20282,1833
sh,510050,2019-10-31 09:40:04,3.0050,34,1652520.0000,5501,S,3.0040,3.0030,3.0020,3.0010,3.0000,3.0050,3.0060,3.0070,3.0080,3.0090,6570,24746,30168,8537,6564,10538,4389,23282,4833,4532
sh,510050,2019-10-31 09:40:10,3.0040,1,9300.0000,31,S,3.0040,3.0030,3.0020,3.0010,3.0000,3.0050,3.0060,3.0070,3.0080,3.0090,9027,24793,30751,11537,6262,10538,4389,19282,4833,4532
sh,510050,2019-10-31 09:40:13,3.0050,1,21000.0000,70,S,3.0040,3.0030,3.0020,3.0010,3.0000,3.0050,3.0060,3.0070,3.0080,3.0090,4017,16473,36901,12537,6292,10968,4389,19282,14833,4532
sh,510050,2019-10-31 09:40:16,3.0050,1,600.0000,2,S,3.0040,3.0030,3.0020,3.0010,3.0000,3.0050,3.0060,3.0070,3.0080,3.0090,4217,34973,18901,8537,9126,11166,4389,19282,10833,4532
sh,510050,2019-10-31 09:40:19,3.0050,15,924100.0000,3075,S,3.0040,3.0030,3.0020,3.0010,3.0000,3.0050,3.0060,3.0070,3.0080,3.0090,14361,34973,18838,9537,9109,8186,4389,13282,17833,4532
sh,510050,2019-10-31 09:40:22,3.0050,18,914700.0000,3044,S,3.0040,3.0030,3.0020,3.0010,3.0000,3.0050,3.0060,3.0070,3.0080,3.0090,11409,34973,18838,9537,6305,5142,4389,19282,8833,4552
sh,510050,2019-10-31 09:40:25,3.0050,2,961600.0000,3200,S,3.0040,3.0030,3.0020,3.0010,3.0000,3.0050,3.0060,3.0070,3.0080,3.0090,17066,28973,21838,9737,9139,1992,4390,13282,17833,8052
sh,510050,2019-10-31 09:40:28,3.0050,9,598600.0000,1992,S,3.0050,3.0040,3.0030,3.0020,3.0010,3.0060,3.0070,3.0080,3.0090,3.0100,18418,35940,19473,16038,9737,4390,4282,8833,26052,9441
sh,510050,2019-10-31 09:40:31,3.0060,2,60100.0000,200,S,3.0050,3.0040,3.0030,3.0020,3.0010,3.0060,3.0070,3.0080,3.0090,3.0100,18858,23075,16473,13038,11570,4190,4282,7833,20052,9441
sh,510050,2019-10-31 09:40:34,3.0050,2,10000.0000,33,S,3.0050,3.0040,3.0030,3.0020,3.0010,3.0060,3.0070,3.0080,3.0090,3.0100,10425,9274,25073,16038,8737,10192,10282,16833,5052,9441
sh,510050,2019-10-31 09:40:37,3.0050,6,961900.0000,3200,S,3.0050,3.0040,3.0030,3.0020,3.0010,3.0060,3.0070,3.0080,3.0090,3.0100,1225,3874,28073,14038,11737,10242,10282,19833,5952,9441
sh,510050,2019-10-31 09:40:40,3.0060,3,19800.0000,66,S,3.0050,3.0040,3.0030,3.0020,3.0010,3.0060,3.0070,3.0080,3.0090,3.0100,1351,828,22073,11038,11737,13175,19282,16833,5952,9371
sh,510050,2019-10-31 09:40:43,3.0050,6,406800.0000,1354,S,3.0040,3.0030,3.0020,3.0010,3.0000,3.0050,3.0060,3.0070,3.0080,3.0090,860,923,19558,17737,6081,6659,13472,31782,1833,5952
sh,510050,2019-10-31 09:40:46,3.0050,4,98900.0000,329,S,3.0040,3.0030,3.0020,3.0010,3.0000,3.0050,3.0060,3.0070,3.0080,3.0090,1460,923,16558,31471,11915,17839,19522,19782,1983,5952
sh,510050,2019-10-31 09:40:49,3.0050,1,900.0000,3,S,3.0040,3.0030,3.0020,3.0010,3.0000,3.0050,3.0060,3.0070,3.0080,3.0090,1460,923,18558,28471,9830,17820,22222,19652,1983,4952
sh,510050,2019-10-31 09:40:52,3.0040,2,102100.0000,340,S,3.0040,3.0030,3.0020,3.0010,3.0000,3.0050,3.0060,3.0070,3.0080,3.0090,1315,4023,27958,20471,9830,11367,16272,28552,2983,4962
sh,510050,2019-10-31 09:40:55,3.0050,4,174300.0000,580,S,3.0040,3.0030,3.0020,3.0010,3.0000,3.0050,3.0060,3.0070,3.0080,3.0090,665,3853,24958,22971,9830,10841,13257,19552,2983,4962
sh,510050,2019-10-31 09:40:58,3.0050,3,24400.0000,81,S,3.0040,3.0030,3.0020,3.0010,3.0000,3.0050,3.0060,3.0070,3.0080,3.0090,590,3899,24958,21971,9880,10835,16257,19572,1983,4962
sh,510050,2019-10-31 09:41:01,3.0040,7,240300.0000,800,S,3.0040,3.0030,3.0020,3.0010,3.0000,3.0050,3.0060,3.0070,3.0080,3.0090,430,11193,24958,19970,9895,16340,19257,10573,2983,4962
sh,510050,2019-10-31 09:41:04,3.0040,8,279400.0000,930,S,3.0030,3.0020,3.0010,3.0000,2.9990,3.0040,3.0050,3.0060,3.0070,3.0080,999,9958,28970,16495,5824,8499,16945,25267,4573,2983
sh,510050,2019-10-31 09:41:07,3.0040,2,196800.0000,655,S,3.0030,3.0020,3.0010,3.0000,2.9990,3.0040,3.0050,3.0060,3.0070,3.0080,999,9958,28970,16495,5824,9844,16345,25267,4573,2983
sh,510050,2019-10-31 09:41:10,3.0040,1,300.0000,1,S,3.0030,3.0020,3.0010,3.0000,2.9990,3.0040,3.0050,3.0060,3.0070,3.0080,999,9958,28970,16495,5794,13750,16154,22317,4573,2983
sh,510050,2019-10-31 09:41:13,3.0040,2,192200.0000,640,S,3.0030,3.0020,3.0010,3.0000,2.9990,3.0040,3.0050,3.0060,3.0070,3.0080,701,3958,33970,7595,5794,10289,10068,28317,7573,1983
sh,510050,2019-10-31 09:41:16,3.0040,1,9000.0000,30,S,3.0030,3.0020,3.0010,3.0000,2.9990,3.0040,3.0050,3.0060,3.0070,3.0080,701,12958,27970,11705,2794,7260,10283,28317,8623,1983
sh,510050,2019-10-31 09:41:19,3.0030,1,300.0000,1,S,3.0030,3.0020,3.0010,3.0000,2.9990,3.0040,3.0050,3.0060,3.0070,3.0080,3500,18958,24970,11705,2794,7864,4283,28367,8623,1983
sh,510050,2019-10-31 09:41:22,3.0040,9,934900.0000,3112,S,3.0030,3.0020,3.0010,3.0000,2.9990,3.0040,3.0050,3.0060,3.0070,3.0080,7440,27958,18970,9205,5629,741,4083,10367,20552,4983
sh,510050,2019-10-31 09:41:25,3.0040,5,210200.0000,700,S,3.0030,3.0020,3.0010,3.0000,2.9990,3.0040,3.0050,3.0060,3.0070,3.0080,7060,27958,15970,12305,2794,641,3534,25367,8552,1988
sh,510050,2019-10-31 09:41:28,3.0030,6,98300.0000,327,S,3.0030,3.0020,3.0010,3.0000,2.9990,3.0040,3.0050,3.0060,3.0070,3.0080,3733,24958,18970,12325,2794,3441,3598,25367,8552,1988
sh,510050,2019-10-31 09:41:34,3.0030,10,76300.0000,254,S,3.0030,3.0020,3.0010,3.0000,2.9990,3.0040,3.0050,3.0060,3.0070,3.0080,679,4162,27236,18325,6437,15039,15605,19367,5202,2059
sh,510050,2019-10-31 09:41:40,3.0030,2,69000.0000,230,S,3.0030,3.0020,3.0010,3.0000,2.9990,3.0040,3.0050,3.0060,3.0070,3.0080,479,1162,24436,20355,6437,12629,9605,25367,4202,2259
sh,510050,2019-10-31 09:41:43,3.0030,2,29200.0000,97,S,3.0030,3.0020,3.0010,3.0000,2.9990,3.0040,3.0050,3.0060,3.0070,3.0080,397,1299,36636,9355,6507,12629,9605,22367,5202,2259
sh,510050,2019-10-31 09:41:46,3.0030,4,30600.0000,102,S,3.0030,3.0020,3.0010,3.0000,2.9990,3.0040,3.0050,3.0060,3.0070,3.0080,295,1599,36636,9355,6507,6630,9911,22367,8202,2259
sh,510050,2019-10-31 09:41:49,3.0030,1,54000.0000,180,S,3.0030,3.0020,3.0010,3.0000,2.9990,3.0040,3.0050,3.0060,3.0070,3.0080,35,16599,27436,9355,3747,6630,9961,13367,8202,2259
sh,510050,2019-10-31 09:41:52,3.0030,3,10600.0000,35,S,3.0020,3.0010,3.0000,2.9990,2.9980,3.0030,3.0040,3.0050,3.0060,3.0070,13899,33436,9355,9582,3048,75,6681,7461,19367,17202
sh,510050,2019-10-31 09:41:55,3.0040,4,22800.0000,76,S,3.0020,3.0010,3.0000,2.9990,2.9980,3.0040,3.0050,3.0060,3.0070,3.0080,20199,27436,11355,6582,3048,3681,7461,28367,7202,2326
sh,510050,2019-10-31 09:42:01,3.0040,2,3000.0000,10,S,3.0030,3.0020,3.0010,3.0000,2.9990,3.0040,3.0050,3.0060,3.0070,3.0080,3018,23339,24236,11355,4747,4280,10465,20418,13202,2328
sh,510050,2019-10-31 09:42:04,3.0040,4,147800.0000,492,S,3.0030,3.0020,3.0010,3.0000,2.9990,3.0040,3.0050,3.0060,3.0070,3.0080,2935,20589,27236,11355,4747,711,10705,20418,16202,2338
sh,510050,2019-10-31 09:42:07,3.0030,1,5100.0000,17,S,3.0030,3.0020,3.0010,3.0000,2.9990,3.0040,3.0050,3.0060,3.0070,3.0080,18616,31689,18236,8405,7632,1784,4701,11418,19202,5338
sh,510050,2019-10-31 09:42:10,3.0040,7,535900.0000,1784,S,3.0040,3.0030,3.0020,3.0010,3.0000,3.0050,3.0060,3.0070,3.0080,3.0090,9200,31416,19589,18299,8405,4901,2418,16202,14338,4962
sh,510050,2019-10-31 09:42:13,3.0040,3,70300.0000,234,S,3.0040,3.0030,3.0020,3.0010,3.0000,3.0050,3.0060,3.0070,3.0080,3.0090,14860,27816,19589,18299,11239,4867,1918,4202,26338,4962
sh,510050,2019-10-31 09:42:16,3.0040,1,46500.0000,155,S,3.0040,3.0030,3.0020,3.0010,3.0000,3.0050,3.0060,3.0070,3.0080,3.0090,12305,24917,10589,19299,8405,4824,1918,25202,6338,4962
sh,510050,2019-10-31 09:42:19,3.0040,1,3000.0000,10,S,3.0040,3.0030,3.0020,3.0010,3.0000,3.0050,3.0060,3.0070,3.0080,3.0090,9235,27947,13589,19299,8405,4824,2518,19202,15338,4962
sh,510050,2019-10-31 09:42:28,3.0050,3,16000.0000,53,S,3.0040,3.0030,3.0020,3.0010,3.0000,3.0050,3.0060,3.0070,3.0080,3.0090,9350,31361,7589,19299,11248,4393,3358,19253,15267,4962
sh,510050,2019-10-31 09:42:34,3.0050,2,5400.0000,18,S,3.0040,3.0030,3.0020,3.0010,3.0000,3.0050,3.0060,3.0070,3.0080,3.0090,9350,31152,7589,19299,11288,4513,3285,19253,15267,4962
sh,510050,2019-10-31 09:42:37,3.0040,1,3300.0000,11,S,3.0040,3.0030,3.0020,3.0010,3.0000,3.0050,3.0060,3.0070,3.0080,3.0090,9339,30952,10589,19299,8454,6528,5944,25253,9267,4962
sh,510050,2019-10-31 09:42:43,3.0050,1,27000.0000,90,S,3.0040,3.0030,3.0020,3.0010,3.0000,3.0050,3.0060,3.0070,3.0080,3.0090,7049,27952,13589,19299,8454,6568,12039,28256,6267,4962
sh,510050,2019-10-31 09:42:46,3.0040,4,200400.0000,667,S,3.0040,3.0030,3.0020,3.0010,3.0000,3.0050,3.0060,3.0070,3.0080,3.0090,6392,30952,10639,19299,8454,6572,12081,19256,12267,5162
sh,510050,2019-10-31 09:42:52,3.0040,1,30000.0000,100,S,3.0040,3.0030,3.0020,3.0010,3.0000,3.0050,3.0060,3.0070,3.0080,3.0090,9292,31152,13639,16299,11251,5202,12488,13256,21270,8062
sh,510050,2019-10-31 09:42:58,3.0050,8,81200.0000,270,S,3.0040,3.0030,3.0020,3.0010,3.0000,3.0050,3.0060,3.0070,3.0080,3.0090,9292,31152,10629,19033,11251,5056,12883,19256,5270,8065
sh,510050,2019-10-31 09:43:01,3.0040,7,150500.0000,501,S,3.0040,3.0030,3.0020,3.0010,3.0000,3.0050,3.0060,3.0070,3.0080,3.0090,18491,31152,10631,20033,8496,4446,12883,19256,12272,8065
sh,510050,2019-10-31 09:43:04,3.0040,2,39700.0000,132,S,3.0040,3.0030,3.0020,3.0010,3.0000,3.0050,3.0060,3.0070,3.0080,3.0090,27391,31153,10654,20033,8496,4531,12883,19256,12272,8065
sh,510050,2019-10-31 09:43:07,3.0050,2,153200.0000,510,S,3.0040,3.0030,3.0020,3.0010,3.0000,3.0050,3.0060,3.0070,3.0080,3.0090,15418,27953,10654,17033,8496,6038,12883,25256,6272,8065
sh,510050,2019-10-31 09:43:10,3.0050,2,93200.0000,310,S,3.0040,3.0030,3.0020,3.0010,3.0000,3.0050,3.0060,3.0070,3.0080,3.0090,15408,21953,19654,20033,8496,5776,12884,25256,9272,8065
sh,510050,2019-10-31 09:43:13,3.0050,4,25200.0000,84,S,3.0040,3.0030,3.0020,3.0010,3.0000,3.0050,3.0060,3.0070,3.0080,3.0090,15425,21953,19654,20033,8496,8922,12884,28256,6272,8065
sh,510050,2019-10-31 09:43:16,3.0050,1,3000.0000,10,S,3.0040,3.0030,3.0020,3.0010,3.0000,3.0050,3.0060,3.0070,3.0080,3.0090,6639,9553,16654,17033,8499,11312,21884,22256,3272,8065
sh,510050,2019-10-31 09:43:19,3.0040,13,1700600.0000,5661,S,3.0030,3.0020,3.0010,3.0000,2.9990,3.0040,3.0050,3.0060,3.0070,3.0080,3553,19454,26033,11499,2809,155,11837,27884,19276,3272
sh,510050,2019-10-31 09:43:22,3.0040,2,11100.0000,37,S,3.0030,3.0020,3.0010,3.0000,2.9990,3.0040,3.0050,3.0060,3.0070,3.0080,3519,22454,25033,11499,2809,452,8837,27884,19207,2272
sh,510050,2019-10-31 09:43:25,3.0040,1,9900.0000,33,S,3.0030,3.0020,3.0010,3.0000,2.9990,3.0040,3.0050,3.0060,3.0070,3.0080,5919,31654,16033,9499,2809,422,8917,27884,17207,2272
sh,510050,2019-10-31 09:43:28,3.0040,5,68200.0000,227,S,3.0030,3.0020,3.0010,3.0000,2.9990,3.0040,3.0050,3.0060,3.0070,3.0080,5919,31654,16033,12499,5644,195,8922,21884,23207,5272
sh,510050,2019-10-31 09:43:31,3.0030,1,4500.0000,15,S,3.0030,3.0020,3.0010,3.0000,2.9990,3.0040,3.0050,3.0060,3.0070,3.0080,5814,22654,25033,12499,2809,3279,6922,36884,8207,2272
sh,510050,2019-10-31 09:43:34,3.0040,1,900.0000,3,S,3.0030,3.0020,3.0010,3.0000,2.9990,3.0040,3.0050,3.0060,3.0070,3.0080,5814,22654,25033,9499,2809,3276,12852,33884,5207,2272
sh,510050,2019-10-31 09:43:37,3.0040,4,153800.0000,512,S,3.0030,3.0020,3.0010,3.0000,2.9990,3.0040,3.0050,3.0060,3.0070,3.0080,5836,28654,18299,8499,2809,2765,12817,33884,7217,2272
sh,510050,2019-10-31 09:43:40,3.0040,2,30700.0000,102,S,3.0030,3.0020,3.0010,3.0000,2.9990,3.0040,3.0050,3.0060,3.0070,3.0080,5836,28654,18299,12499,3543,2709,6779,39884,8217,2272
sh,510050,2019-10-31 09:43:43,3.0040,2,151700.0000,505,S,3.0030,3.0020,3.0010,3.0000,2.9990,3.0040,3.0050,3.0060,3.0070,3.0080,5831,31654,15299,12499,3443,2259,6779,36884,8217,2272
sh,510050,2019-10-31 09:43:49,3.0040,2,31800.0000,106,S,3.0030,3.0020,3.0010,3.0000,2.9990,3.0040,3.0050,3.0060,3.0070,3.0080,5837,28654,15299,9499,3543,3053,6821,36884,8217,2272
sh,510050,2019-10-31 09:43:58,3.0030,1,9000.0000,30,S,3.0030,3.0020,3.0010,3.0000,2.9990,3.0040,3.0050,3.0060,3.0070,3.0080,3407,19654,27301,9499,3562,9415,12924,33884,5197,2272
sh,510050,2019-10-31 09:44:04,3.0040,2,159200.0000,530,S,3.0030,3.0020,3.0010,3.0000,2.9990,3.0040,3.0050,3.0060,3.0070,3.0080,3377,10654,27301,8549,6562,9953,12208,33484,4197,2272
sh,510050,2019-10-31 09:44:07,3.0030,3,115000.0000,383,S,3.0030,3.0020,3.0010,3.0000,2.9990,3.0040,3.0050,3.0060,3.0070,3.0080,2994,10654,36301,9549,6562,9953,12188,30485,5197,2272
sh,510050,2019-10-31 09:44:10,3.0040,46,150200.0000,500,S,3.0030,3.0020,3.0010,3.0000,2.9990,3.0040,3.0050,3.0060,3.0070,3.0080,2999,22654,24301,12549,3562,6590,6273,27485,11197,2272
sh,510050,2019-10-31 09:44:13,3.0040,12,1621400.0000,5399,S,3.0030,3.0020,3.0010,3.0000,2.9990,3.0040,3.0050,3.0060,3.0070,3.0080,399,19654,24301,12549,3562,6191,6273,27485,17197,2272
sh,510050,2019-10-31 09:44:16,3.0030,3,45400.0000,151,S,3.0030,3.0020,3.0010,3.0000,2.9990,3.0040,3.0050,3.0060,3.0070,3.0080,3248,22654,24301,12549,6397,3201,6273,24485,17197,2272
sh,510050,2019-10-31 09:44:19,3.0030,1,31200.0000,104,S,3.0030,3.0020,3.0010,3.0000,2.9990,3.0040,3.0050,3.0060,3.0070,3.0080,9146,22654,24301,11575,3562,3281,6373,24485,13197,2272
sh,510050,2019-10-31 09:44:22,3.0030,2,40500.0000,135,S,3.0030,3.0020,3.0010,3.0000,2.9990,3.0040,3.0050,3.0060,3.0070,3.0080,15516,31654,18301,10575,3645,3276,9363,24985,17197,2272
sh,510050,2019-10-31 09:44:28,3.0030,2,100000.0000,333,S,3.0030,3.0020,3.0010,3.0000,2.9990,3.0040,3.0050,3.0060,3.0070,3.0080,18183,31654,15301,13575,6480,2523,9366,22985,5268,2372
sh,510050,2019-10-31 09:44:34,3.0040,19,862400.0000,2871,S,3.0040,3.0030,3.0020,3.0010,3.0000,3.0050,3.0060,3.0070,3.0080,3.0090,471,27545,22864,18301,10575,3786,13985,20268,5305,8180
sh,510050,2019-10-31 09:44:37,3.0040,2,1800.0000,6,S,3.0040,3.0030,3.0020,3.0010,3.0000,3.0050,3.0060,3.0070,3.0080,3.0090,465,30245,19464,18301,10575,3736,13985,20268,5305,8180
sh,510050,2019-10-31 09:44:40,3.0040,1,9300.0000,31,S,3.0040,3.0030,3.0020,3.0010,3.0000,3.0050,3.0060,3.0070,3.0080,3.0090,3785,30445,16464,18301,10575,3756,13995,20268,5305,8180
sh,510050,2019-10-31 09:44:46,3.0040,2,10000.0000,33,S,3.0040,3.0030,3.0020,3.0010,3.0000,3.0050,3.0060,3.0070,3.0080,3.0090,4002,30245,16464,18301,9575,4241,13995,19268,5305,8180
sh,510050,2019-10-31 09:44:49,3.0040,1,12000.0000,40,S,3.0040,3.0030,3.0020,3.0010,3.0000,3.0050,3.0060,3.0070,3.0080,3.0090,9966,35745,7460,16301,9575,4241,4995,10268,24305,8180
sh,510050,2019-10-31 09:44:52,3.0040,1,600.0000,2,S,3.0040,3.0030,3.0020,3.0010,3.0000,3.0050,3.0060,3.0070,3.0080,3.0090,16165,32945,7210,16301,9575,4241,4995,4268,27305,11180
sh,510050,2019-10-31 09:44:55,3.0040,1,5100.0000,17,S,3.0040,3.0030,3.0020,3.0010,3.0000,3.0050,3.0060,3.0070,3.0080,3.0090,16148,32995,10210,16301,9575,4341,4995,4268,27305,11180
sh,510050,2019-10-31 09:44:58,3.0040,3,94000.0000,313,S,3.0040,3.0030,3.0020,3.0010,3.0000,3.0050,3.0060,3.0070,3.0080,3.0090,6798,20395,16250,16301,12575,4341,11595,28268,3345,8180
sh,510050,2019-10-31 09:45:01,3.0050,2,232600.0000,774,S,3.0040,3.0030,3.0020,3.0010,3.0000,3.0050,3.0060,3.0070,3.0080,3.0090,795,8395,7250,33301,12587,6792,25595,19268,2345,8180
sh,510050,2019-10-31 09:45:04,3.0050,3,155100.0000,516,S,3.0040,3.0030,3.0020,3.0010,3.0000,3.0050,3.0060,3.0070,3.0080,3.0090,785,3052,13250,24301,12587,5486,15796,28268,2345,8180
sh,510050,2019-10-31 09:45:07,3.0050,1,90100.0000,300,S,3.0040,3.0030,3.0020,3.0010,3.0000,3.0050,3.0060,3.0070,3.0080,3.0090,785,24752,4650,19301,9597,5146,9196,19268,15345,8180
sh,510050,2019-10-31 09:45:10,3.0040,3,90100.0000,300,S,3.0040,3.0030,3.0020,3.0010,3.0000,3.0050,3.0060,3.0070,3.0080,3.0090,9485,18752,7450,17035,12431,2146,9196,4268,12345,26180
sh,510050,2019-10-31 09:45:13,3.0050,34,701700.0000,2335,S,3.0050,3.0040,3.0030,3.0020,3.0010,3.0060,3.0070,3.0080,3.0090,3.0100,2812,22424,21752,7450,17065,9196,4268,9345,29180,9948
sh,510050,2019-10-31 09:45:16,3.0050,1,15000.0000,50,S,3.0050,3.0040,3.0030,3.0020,3.0010,3.0060,3.0070,3.0080,3.0090,3.0100,616,25425,18752,8782,16065,9196,10268,23345,9180,9948
sh,510050,2019-10-31 09:45:19,3.0050,4,105800.0000,352,S,3.0050,3.0040,3.0030,3.0020,3.0010,3.0060,3.0070,3.0080,3.0090,3.0100,264,19424,24952,5782,16065,9196,4268,29345,12180,9948
sh,510050,2019-10-31 09:45:22,3.0050,1,16500.0000,55,S,3.0050,3.0040,3.0030,3.0020,3.0010,3.0060,3.0070,3.0080,3.0090,3.0100,209,22424,21652,5788,16065,9196,4196,20242,12180,9948
sh,510050,2019-10-31 09:45:25,3.0040,6,1802400.0000,6000,S,3.0040,3.0030,3.0020,3.0010,3.0000,3.0060,3.0070,3.0080,3.0090,3.0100,25633,6452,5788,16065,12434,9186,4525,20342,9180,9948
sh,510050,2019-10-31 09:45:28,3.0070,55,4122000.0000,13711,S,3.0060,3.0050,3.0040,3.0030,3.0020,3.0070,3.0080,3.0090,3.0100,3.0110,3000,27703,39332,9452,4588,100,11413,23180,12948,8326
sh,510050,2019-10-31 09:45:31,3.0080,17,621600.0000,2067,S,3.0060,3.0050,3.0040,3.0030,3.0020,3.0080,3.0090,3.0100,3.0110,3.0120,2465,24803,48334,7452,4588,10050,20180,13958,8326,4925
sh,510050,2019-10-31 09:45:40,3.0070,1,12100.0000,40,S,3.0070,3.0060,3.0050,3.0040,3.0030,3.0080,3.0090,3.0100,3.0110,3.0120,1960,5670,40018,21184,4450,1103,26180,19008,9326,4194
sh,510050,2019-10-31 09:45:43,3.0080,2,589600.0000,1961,S,3.0070,3.0060,3.0050,3.0040,3.0030,3.0080,3.0090,3.0100,3.0110,3.0120,100,2470,30518,33184,1450,7173,26180,13008,9326,4194
sh,510050,2019-10-31 09:45:46,3.0060,2,49400.0000,164,S,3.0060,3.0050,3.0040,3.0030,3.0020,3.0070,3.0080,3.0090,3.0100,3.0110,2406,39518,21645,3450,8153,3030,9853,23180,22008,9326
sh,510050,2019-10-31 09:45:49,3.0070,3,153300.0000,510,S,3.0060,3.0050,3.0040,3.0030,3.0020,3.0070,3.0080,3.0090,3.0100,3.0110,4396,30518,27645,3450,5321,2630,6989,23200,21998,9326
sh,510050,2019-10-31 09:45:52,3.0070,1,4500.0000,15,S,3.0060,3.0050,3.0040,3.0030,3.0020,3.0070,3.0080,3.0090,3.0100,3.0110,7746,39518,18345,3450,5331,2616,3989,26200,13998,8326
sh,510050,2019-10-31 09:45:55,3.0060,3,17200.0000,57,S,3.0060,3.0050,3.0040,3.0030,3.0020,3.0070,3.0080,3.0090,3.0100,3.0110,7696,30518,27345,1450,4598,2649,4019,23190,17998,8326
sh,510050,2019-10-31 09:45:58,3.0070,3,335200.0000,1115,S,3.0060,3.0050,3.0040,3.0030,3.0020,3.0070,3.0080,3.0090,3.0100,3.0110,4476,15518,23779,11183,7598,1554,25019,14190,11998,8326
sh,510050,2019-10-31 09:46:01,3.0070,7,1068700.0000,3554,S,3.0070,3.0060,3.0050,3.0040,3.0030,3.0080,3.0090,3.0100,3.0110,3.0120,1475,14575,15118,22844,11183,4039,23195,15248,8326,4762
sh,510050,2019-10-31 09:46:04,3.0070,2,36100.0000,120,S,3.0070,3.0060,3.0050,3.0040,3.0030,3.0080,3.0090,3.0100,3.0110,3.0120,1455,14575,27118,19844,4183,4039,14185,35248,8326,4762
sh,510050,2019-10-31 09:46:07,3.0080,4,90500.0000,301,S,3.0070,3.0060,3.0050,3.0040,3.0030,3.0080,3.0090,3.0100,3.0110,3.0120,1289,14475,33116,11844,1183,3905,14185,35248,9326,4762
sh,510050,2019-10-31 09:46:13,3.0080,22,420500.0000,1398,S,3.0080,3.0070,3.0060,3.0050,3.0040,3.0090,3.0100,3.0110,3.0120,3.0130,1636,2109,32978,9116,8844,8202,20248,24336,7762,2437
sh,510050,2019-10-31 09:46:16,3.0080,2,6700.0000,22,S,3.0080,3.0070,3.0060,3.0050,3.0040,3.0090,3.0100,3.0110,3.0120,3.0130,1798,5541,29978,9149,8844,8202,20248,24366,7762,2437
sh,510050,2019-10-31 09:46:19,3.0080,3,108600.0000,361,S,3.0080,3.0070,3.0060,3.0050,3.0040,3.0090,3.0100,3.0110,3.0120,3.0130,10349,17541,23578,12149,8844,8251,11248,15366,19762,2353
sh,510050,2019-10-31 09:46:22,3.0080,4,358200.0000,1191,S,3.0080,3.0070,3.0060,3.0050,3.0040,3.0090,3.0100,3.0110,3.0120,3.0130,18258,20041,17578,9149,8844,8550,11248,15366,22812,5353
sh,510050,2019-10-31 09:46:25,3.0090,2,6600.0000,22,S,3.0080,3.0070,3.0060,3.0050,3.0040,3.0090,3.0100,3.0110,3.0120,3.0130,12538,26541,14578,12149,9715,9146,11318,13730,22812,5353
sh,510050,2019-10-31 09:46:28,3.0080,5,172200.0000,572,S,3.0080,3.0070,3.0060,3.0050,3.0040,3.0090,3.0100,3.0110,3.0120,3.0130,12505,27303,14578,10149,12545,8253,11288,31780,5812,2353
sh,510050,2019-10-31 09:46:31,3.0080,4,27000.0000,90,S,3.0080,3.0070,3.0060,3.0050,3.0040,3.0090,3.0100,3.0110,3.0120,3.0130,3479,24303,15578,10149,13448,8213,17178,28780,8812,2355
sh,510050,2019-10-31 09:46:34,3.0090,5,242500.0000,806,S,3.0080,3.0070,3.0060,3.0050,3.0040,3.0090,3.0100,3.0110,3.0120,3.0130,3456,24303,15578,13133,10448,7487,11278,34780,8812,2405
sh,510050,2019-10-31 09:46:37,3.0090,5,189000.0000,628,S,3.0080,3.0070,3.0060,3.0050,3.0040,3.0090,3.0100,3.0110,3.0120,3.0130,3831,18103,21578,10133,13448,7514,11278,34780,8812,2455
sh,510050,2019-10-31 09:46:40,3.0090,33,1077100.0000,3580,S,3.0080,3.0070,3.0060,3.0050,3.0040,3.0090,3.0100,3.0110,3.0120,3.0130,3288,27003,15578,9033,10448,4629,11378,34708,8312,2455
sh,510050,2019-10-31 09:46:43,3.0080,3,90000.0000,299,S,3.0080,3.0070,3.0060,3.0050,3.0040,3.0090,3.0100,3.0110,3.0120,3.0130,5198,30003,12578,10766,10448,4640,11378,22708,15312,3610
sh,510050,2019-10-31 09:46:46,3.0080,2,190100.0000,632,S,3.0080,3.0070,3.0060,3.0050,3.0040,3.0090,3.0100,3.0110,3.0120,3.0130,7566,30003,12578,13766,13278,4640,10378,22708,9312,3610
sh,510050,2019-10-31 09:46:49,3.0090,8,150100.0000,499,S,3.0080,3.0070,3.0060,3.0050,3.0040,3.0090,3.0100,3.0110,3.0120,3.0130,7570,30003,12578,13766,10448,4140,10411,22658,15462,3608
sh,510050,2019-10-31 09:46:55,3.0090,5,47300.0000,157,S,3.0080,3.0070,3.0060,3.0050,3.0040,3.0090,3.0100,3.0110,3.0120,3.0130,7770,24003,12578,10766,10448,4104,9981,22670,15462,3608
sh,510050,2019-10-31 09:46:58,3.0090,4,236200.0000,785,S,3.0080,3.0070,3.0060,3.0050,3.0040,3.0090,3.0100,3.0110,3.0120,3.0130,13615,18203,12578,10866,10448,3810,9981,16770,21452,6613
sh,510050,2019-10-31 09:47:01,3.0090,33,1176800.0000,3911,S,3.0090,3.0080,3.0070,3.0060,3.0050,3.0100,3.0110,3.0120,3.0130,3.0140,26755,29990,6403,13325,4866,10353,7770,15452,15613,1811
sh,510050,2019-10-31 09:47:04,3.0090,2,63200.0000,210,S,3.0090,3.0080,3.0070,3.0060,3.0050,3.0100,3.0110,3.0120,3.0130,3.0140,28170,20915,18403,10325,6866,10353,10770,23452,3613,1811
sh,510050,2019-10-31 09:47:07,3.0100,53,2604200.0000,8653,S,3.0090,3.0080,3.0070,3.0060,3.0050,3.0100,3.0110,3.0120,3.0130,3.0140,7092,10815,18203,20325,6866,4701,13770,23452,4613,1811
sh,510050,2019-10-31 09:47:10,3.0090,7,1450400.0000,4820,S,3.0090,3.0080,3.0070,3.0060,3.0050,3.0100,3.0110,3.0120,3.0130,3.0140,2872,7815,17803,20325,3866,10101,28770,8452,4613,1811
sh,510050,2019-10-31 09:47:13,3.0080,9,1012500.0000,3365,S,3.0080,3.0070,3.0060,3.0050,3.0040,3.0090,3.0100,3.0110,3.0120,3.0130,11925,4624,29325,3133,12715,2862,13448,34770,5462,4685
sh,510050,2019-10-31 09:47:16,3.0080,3,175500.0000,583,S,3.0080,3.0070,3.0060,3.0050,3.0040,3.0090,3.0100,3.0110,3.0120,3.0130,12302,4624,30057,3133,9715,10852,22248,25768,5462,4685
sh,510050,2019-10-31 09:47:19,3.0080,2,9000.0000,30,S,3.0080,3.0070,3.0060,3.0050,3.0040,3.0090,3.0100,3.0110,3.0120,3.0130,12792,16624,21057,7566,9715,2253,10457,22868,11462,4685
sh,510050,2019-10-31 09:47:22,3.0090,1,150400.0000,500,S,3.0080,3.0070,3.0060,3.0050,3.0040,3.0090,3.0100,3.0110,3.0120,3.0130,12785,13624,20057,7566,9715,1902,10092,22898,8462,3685
sh,510050,2019-10-31 09:47:25,3.0090,2,60200.0000,200,S,3.0080,3.0070,3.0060,3.0050,3.0040,3.0090,3.0100,3.0110,3.0120,3.0130,12785,13624,23057,8566,7844,2299,10136,31898,9412,3685
sh,510050,2019-10-31 09:47:28,3.0090,10,517600.0000,1720,S,3.0080,3.0070,3.0060,3.0050,3.0040,3.0090,3.0100,3.0110,3.0120,3.0130,12819,13524,20057,5576,7844,602,10246,22898,9462,3695
sh,510050,2019-10-31 09:47:31,3.0090,7,193100.0000,642,S,3.0090,3.0080,3.0070,3.0060,3.0050,3.0100,3.0110,3.0120,3.0130,3.0140,3058,28049,20224,11257,2586,10446,7898,18512,12795,1761
sh,510050,2019-10-31 09:47:34,3.0100,4,69800.0000,232,S,3.0090,3.0080,3.0070,3.0060,3.0050,3.0100,3.0110,3.0120,3.0130,3.0140,3727,22049,25924,11257,4586,4855,10898,14512,6895,1761
sh,510050,2019-10-31 09:47:37,3.0100,4,105700.0000,351,S,3.0090,3.0080,3.0070,3.0060,3.0050,3.0100,3.0110,3.0120,3.0130,3.0140,3596,22049,19924,12257,4586,4855,7898,32362,7895,1761
sh,510050,2019-10-31 09:47:40,3.0090,3,27000.0000,90,S,3.0090,3.0080,3.0070,3.0060,3.0050,3.0100,3.0110,3.0120,3.0130,3.0140,3811,21449,30794,12257,4586,4915,13918,26362,7895,1761
sh,510050,2019-10-31 09:47:46,3.0090,3,76800.0000,255,S,3.0090,3.0080,3.0070,3.0060,3.0050,3.0100,3.0110,3.0120,3.0130,3.0140,3717,21425,30794,12257,1641,5465,7972,32362,8095,2111
sh,510050,2019-10-31 09:47:49,3.0100,5,213700.0000,710,S,3.0090,3.0080,3.0070,3.0060,3.0050,3.0100,3.0110,3.0120,3.0130,3.0140,3217,27425,24794,11257,1641,4471,14072,26362,7095,2611
sh,510050,2019-10-31 09:47:55,3.0090,15,1537900.0000,5111,S,3.0090,3.0080,3.0070,3.0060,3.0050,3.0100,3.0110,3.0120,3.0130,3.0140,7147,30725,22526,15257,3737,5205,8072,32362,8095,2661
sh,510050,2019-10-31 09:47:58,3.0100,2,1800.0000,6,S,3.0090,3.0080,3.0070,3.0060,3.0050,3.0100,3.0110,3.0120,3.0130,3.0140,16153,20431,25526,12257,908,5199,8372,32362,8095,2662
sh,510050,2019-10-31 09:48:01,3.0100,2,12900.0000,43,S,3.0090,3.0080,3.0070,3.0060,3.0050,3.0100,3.0110,3.0120,3.0130,3.0140,16143,14431,28526,12257,908,5226,8472,32312,8295,2712
sh,510050,2019-10-31 09:48:04,3.0090,2,6700.0000,22,S,3.0090,3.0080,3.0070,3.0060,3.0050,3.0100,3.0110,3.0120,3.0130,3.0140,16121,23431,19526,12257,908,4651,9285,32312,8295,2712
sh,510050,2019-10-31 09:48:07,3.0100,63,3017500.0000,10025,S,3.0100,3.0090,3.0080,3.0070,3.0060,3.0110,3.0120,3.0130,3.0140,3.0150,8601,16131,14231,31326,11257,9083,32312,7295,2712,6786
sh,510050,2019-10-31 09:48:10,3.0100,5,2616000.0000,8691,S,3.0090,3.0080,3.0070,3.0060,3.0050,3.0100,3.0110,3.0120,3.0130,3.0140,16131,14231,28031,11257,4008,4370,20484,26312,7295,3712
sh,510050,2019-10-31 09:48:13,3.0100,9,629100.0000,2090,S,3.0090,3.0080,3.0070,3.0060,3.0050,3.0100,3.0110,3.0120,3.0130,3.0140,16131,26231,16031,14257,1008,5515,14483,32312,7295,3712
sh,510050,2019-10-31 09:48:19,3.0100,13,1184400.0000,3935,S,3.0100,3.0090,3.0080,3.0070,3.0060,3.0110,3.0120,3.0130,3.0140,3.0150,8399,17131,32781,6831,14057,9185,20312,13295,3712,6786
sh,510050,2019-10-31 09:48:22,3.0100,4,194800.0000,647,S,3.0100,3.0090,3.0080,3.0070,3.0060,3.0110,3.0120,3.0130,3.0140,3.0150,41302,38161,14381,9831,13885,9207,5342,13295,12712,6786
sh,510050,2019-10-31 09:48:25,3.0110,2,33100.0000,110,S,3.0100,3.0090,3.0080,3.0070,3.0060,3.0110,3.0120,3.0130,3.0140,3.0150,38310,25561,17381,6831,11057,9097,5342,31295,6712,6791
sh,510050,2019-10-31 09:48:28,3.0110,54,2877300.0000,9556,S,3.0110,3.0100,3.0090,3.0080,3.0070,3.0120,3.0130,3.0140,3.0150,3.0160,4056,24398,31561,11081,6831,5391,31295,6842,6813,6490
sh,510050,2019-10-31 09:48:31,3.0110,4,46400.0000,154,S,3.0110,3.0100,3.0090,3.0080,3.0070,3.0120,3.0130,3.0140,3.0150,3.0160,4045,21779,41853,5081,9831,8489,19195,6842,6813,6510
sh,510050,2019-10-31 09:48:34,3.0110,5,104500.0000,347,S,3.0110,3.0100,3.0090,3.0080,3.0070,3.0120,3.0130,3.0140,3.0150,3.0160,3798,21779,29853,14081,6831,8299,25195,9992,6958,6510
sh,510050,2019-10-31 09:48:37,3.0110,7,103300.0000,343,S,3.0110,3.0100,3.0090,3.0080,3.0070,3.0120,3.0130,3.0140,3.0150,3.0160,3455,18779,20653,14081,15831,8299,28495,9992,7098,6510
sh,510050,2019-10-31 09:48:40,3.0110,8,1071000.0000,3557,S,3.0100,3.0090,3.0080,3.0070,3.0060,3.0110,3.0120,3.0130,3.0140,3.0150,18779,34538,5081,8831,10957,1496,8149,13195,9282,7098
sh,510050,2019-10-31 09:48:43,3.0110,4,530200.0000,1761,S,3.0110,3.0100,3.0090,3.0080,3.0070,3.0120,3.0130,3.0140,3.0150,3.0160,14354,18278,31538,5081,1961,8089,22195,10307,7248,6660
sh,510050,2019-10-31 09:48:46,3.0110,3,6600.0000,22,S,3.0110,3.0100,3.0090,3.0080,3.0070,3.0120,3.0130,3.0140,3.0150,3.0160,17669,18278,31538,5081,4961,8072,28195,10307,7288,6660
sh,510050,2019-10-31 09:48:49,3.0120,5,290900.0000,966,S,3.0110,3.0100,3.0090,3.0080,3.0070,3.0120,3.0130,3.0140,3.0150,3.0160,7728,9278,34538,5081,4961,11187,22195,16307,7288,6660
sh,510050,2019-10-31 09:48:52,3.0110,2,95400.0000,317,S,3.0110,3.0100,3.0090,3.0080,3.0070,3.0120,3.0130,3.0140,3.0150,3.0160,6464,9278,34538,6081,3961,13819,19185,15307,11296,6660
sh,510050,2019-10-31 09:48:55,3.0110,3,306000.0000,1016,S,3.0110,3.0100,3.0090,3.0080,3.0070,3.0120,3.0130,3.0140,3.0150,3.0160,5448,9278,34538,6081,3961,10915,19185,15307,8296,6871
sh,510050,2019-10-31 09:48:58,3.0110,17,732300.0000,2432,S,3.0110,3.0100,3.0090,3.0080,3.0070,3.0120,3.0130,3.0140,3.0150,3.0160,9853,9278,25538,6142,3961,11489,28185,9307,8322,6871
sh,510050,2019-10-31 09:49:01,3.0110,39,1504800.0000,4997,S,3.0100,3.0090,3.0080,3.0070,3.0060,3.0110,3.0120,3.0130,3.0140,3.0150,11920,25538,6142,3961,10964,43,9156,28225,9507,8322
sh,510050,2019-10-31 09:49:04,3.0110,1,600.0000,2,S,3.0100,3.0090,3.0080,3.0070,3.0060,3.0110,3.0120,3.0130,3.0140,3.0150,9355,34538,5142,3961,13792,2201,12201,25175,9507,7322
sh,510050,2019-10-31 09:49:10,3.0100,2,6300.0000,21,S,3.0100,3.0090,3.0080,3.0070,3.0060,3.0110,3.0120,3.0130,3.0140,3.0150,6263,19338,8202,1961,10964,2467,15810,31175,7508,7317
sh,510050,2019-10-31 09:49:13,3.0100,2,19000.0000,63,S,3.0100,3.0090,3.0080,3.0070,3.0060,3.0110,3.0120,3.0130,3.0140,3.0150,8788,4538,17202,10961,13964,11549,25399,33175,4508,7317
sh,510050,2019-10-31 09:49:16,3.0110,2,16600.0000,55,S,3.0100,3.0090,3.0080,3.0070,3.0060,3.0110,3.0120,3.0130,3.0140,3.0150,8788,4538,17172,10961,13964,11561,31839,24175,4518,7317
sh,510050,2019-10-31 09:49:19,3.0100,9,1225000.0000,4070,S,3.0100,3.0090,3.0080,3.0070,3.0060,3.0110,3.0120,3.0130,3.0140,3.0150,5289,4538,24466,9961,13964,17841,34241,24175,3518,7317
sh,510050,2019-10-31 09:49:22,3.0100,6,150200.0000,499,S,3.0100,3.0090,3.0080,3.0070,3.0060,3.0110,3.0120,3.0130,3.0140,3.0150,4790,4538,24406,10961,14964,17973,34701,24675,4518,7217
sh,510050,2019-10-31 09:49:25,3.0100,8,284200.0000,944,S,3.0100,3.0090,3.0080,3.0070,3.0060,3.0110,3.0120,3.0130,3.0140,3.0150,4047,4538,24406,10961,14964,18388,28691,24675,4518,7217
sh,510050,2019-10-31 09:49:28,3.0100,3,34000.0000,113,S,3.0100,3.0090,3.0080,3.0070,3.0060,3.0110,3.0120,3.0130,3.0140,3.0150,3954,4538,24406,10961,14964,18385,34696,24675,4518,7217
sh,510050,2019-10-31 09:49:31,3.0100,1,25900.0000,86,S,3.0100,3.0090,3.0080,3.0070,3.0060,3.0110,3.0120,3.0130,3.0140,3.0150,3870,4538,24406,10961,14964,19045,31651,24675,4518,7283
sh,510050,2019-10-31 09:49:34,3.0100,5,172200.0000,572,S,3.0100,3.0090,3.0080,3.0070,3.0060,3.0110,3.0120,3.0130,3.0140,3.0150,3632,4538,15406,18588,11964,15778,28674,24673,4518,7383
sh,510050,2019-10-31 09:49:37,3.0100,10,187800.0000,624,S,3.0100,3.0090,3.0080,3.0070,3.0060,3.0110,3.0120,3.0130,3.0140,3.0150,2510,4538,21426,12588,15361,15678,28694,24673,4518,7383
sh,510050,2019-10-31 09:49:40,3.0100,4,723900.0000,2405,S,3.0100,3.0090,3.0080,3.0070,3.0060,3.0110,3.0120,3.0130,3.0140,3.0150,106,4538,21426,15598,12361,15728,28694,25066,4518,7453
sh,510050,2019-10-31 09:49:43,3.0090,10,111400.0000,370,S,3.0090,3.0080,3.0070,3.0060,3.0050,3.0100,3.0110,3.0120,3.0130,3.0140,4274,12426,24598,12361,4058,6048,20828,31714,13066,4518
sh,510050,2019-10-31 09:49:46,3.0100,6,1890600.0000,6281,S,3.0090,3.0080,3.0070,3.0060,3.0050,3.0110,3.0120,3.0130,3.0140,3.0150,4773,12426,20598,12361,1258,21728,31248,13116,3518,7553
sh,510050,2019-10-31 09:49:49,3.0090,1,1203600.0000,4000,S,3.0090,3.0080,3.0070,3.0060,3.0050,3.0100,3.0110,3.0120,3.0130,3.0140,803,33426,2598,16361,4087,55,9828,22247,25116,4518
sh,510050,2019-10-31 09:49:52,3.0090,3,26700.0000,89,S,3.0090,3.0080,3.0070,3.0060,3.0050,3.0110,3.0120,3.0130,3.0140,3.0150,769,33426,2598,16361,1308,6768,16302,28116,4518,7531
sh,510050,2019-10-31 09:49:55,3.0090,3,158900.0000,528,S,3.0090,3.0080,3.0070,3.0060,3.0050,3.0110,3.0120,3.0130,3.0140,3.0150,27242,24626,5598,13361,4137,3769,16702,28116,7538,7631
sh,510050,2019-10-31 09:49:58,3.0110,1,900.0000,3,S,3.0090,3.0080,3.0070,3.0060,3.0050,3.0110,3.0120,3.0130,3.0140,3.0150,33325,24626,2598,16361,4137,3766,16702,28116,7538,7627
sh,510050,2019-10-31 09:50:01,3.0090,3,43400.0000,144,S,3.0090,3.0080,3.0070,3.0060,3.0050,3.0110,3.0120,3.0130,3.0140,3.0150,30915,20271,5598,12361,4137,3997,16702,27876,6538,7627
sh,510050,2019-10-31 09:50:07,3.0090,9,183600.0000,610,S,3.0090,3.0080,3.0070,3.0060,3.0050,3.0100,3.0110,3.0120,3.0130,3.0140,24348,26271,2598,16361,1308,300,6987,22802,24876,4554
sh,510050,2019-10-31 09:50:10,3.0100,4,126400.0000,420,S,3.0090,3.0080,3.0070,3.0060,3.0050,3.0110,3.0120,3.0130,3.0140,3.0150,36548,14271,5598,13361,4137,7260,16924,26721,7554,6697
sh,510050,2019-10-31 09:50:13,3.0100,1,2700.0000,9,S,3.0100,3.0090,3.0080,3.0070,3.0060,3.0110,3.0120,3.0130,3.0140,3.0150,5291,37048,14271,5598,13361,4260,7928,14721,22554,9675
sh,510050,2019-10-31 09:50:16,3.0110,3,27400.0000,91,S,3.0100,3.0090,3.0080,3.0070,3.0060,3.0110,3.0120,3.0130,3.0140,3.0150,5458,34048,17341,5866,12361,4264,7978,20721,16554,6675
sh,510050,2019-10-31 09:50:19,3.0110,14,705800.0000,2344,S,3.0100,3.0090,3.0080,3.0070,3.0060,3.0110,3.0120,3.0130,3.0140,3.0150,212,34048,17341,2866,12361,1220,7978,35721,4764,6675
sh,510050,2019-10-31 09:50:25,3.0110,2,15600.0000,52,S,3.0100,3.0090,3.0080,3.0070,3.0060,3.0110,3.0120,3.0130,3.0140,3.0150,226,27305,26341,2876,15381,1438,23518,26518,4764,6615
sh,510050,2019-10-31 09:50:28,3.0100,1,3000.0000,10,S,3.0100,3.0090,3.0080,3.0070,3.0060,3.0110,3.0120,3.0130,3.0140,3.0150,216,27305,23341,2608,15381,4738,25548,26468,3714,6617
sh,510050,2019-10-31 09:50:31,3.0110,5,51200.0000,170,S,3.0100,3.0090,3.0080,3.0070,3.0060,3.0110,3.0120,3.0130,3.0140,3.0150,435,27305,23341,3608,15381,13688,31748,14480,4714,6617
sh,510050,2019-10-31 09:50:34,3.0110,4,90600.0000,301,S,3.0100,3.0090,3.0080,3.0070,3.0060,3.0110,3.0120,3.0130,3.0140,3.0150,478,27305,26341,3608,15562,10997,32878,23480,4714,6684
sh,510050,2019-10-31 09:50:37,3.0110,1,300.0000,1,S,3.0100,3.0090,3.0080,3.0070,3.0060,3.0110,3.0120,3.0130,3.0140,3.0150,632,27405,26341,3608,15562,7696,32853,14480,4814,6634
sh,510050,2019-10-31 09:50:40,3.0100,7,50000.0000,166,S,3.0100,3.0090,3.0080,3.0070,3.0060,3.0110,3.0120,3.0130,3.0140,3.0150,481,27405,26341,3608,15562,7686,41853,14480,4814,6639
sh,510050,2019-10-31 09:50:43,3.0100,19,374000.0000,1242,S,3.0100,3.0090,3.0080,3.0070,3.0060,3.0110,3.0120,3.0130,3.0140,3.0150,481,27405,26341,3608,15562,6506,32483,17480,4814,6839
sh,510050,2019-10-31 09:50:46,3.0100,2,40900.0000,136,S,3.0100,3.0090,3.0080,3.0070,3.0060,3.0110,3.0120,3.0130,3.0140,3.0150,357,24405,26341,2608,15562,12731,41683,14485,3814,6839
sh,510050,2019-10-31 09:50:49,3.0100,1,3000.0000,10,S,3.0100,3.0090,3.0080,3.0070,3.0060,3.0110,3.0120,3.0130,3.0140,3.0150,397,24405,26341,3608,15562,21281,41683,14485,4814,6839
sh,510050,2019-10-31 09:50:52,3.0110,1,30100.0000,100,S,3.0100,3.0090,3.0080,3.0070,3.0060,3.0110,3.0120,3.0130,3.0140,3.0150,1068,24405,26341,3408,15562,21284,32683,20985,4814,6839
sh,510050,2019-10-31 09:50:55,3.0100,12,328700.0000,1092,S,3.0090,3.0080,3.0070,3.0060,3.0050,3.0100,3.0110,3.0120,3.0130,3.0140,12641,14141,12408,12562,4318,2095,27284,35693,11985,4814
sh,510050,2019-10-31 09:51:01,3.0100,1,50600.0000,168,S,3.0090,3.0080,3.0070,3.0060,3.0050,3.0100,3.0110,3.0120,3.0130,3.0140,12641,14141,14408,12564,1372,5127,18464,41243,14985,3864
sh,510050,2019-10-31 09:51:07,3.0100,7,676600.0000,2248,S,3.0100,3.0090,3.0080,3.0070,3.0060,3.0110,3.0120,3.0130,3.0140,3.0150,2963,16446,26141,2408,16564,18521,29263,21985,3864,7025
sh,510050,2019-10-31 09:51:10,3.0100,2,39500.0000,131,S,3.0100,3.0090,3.0080,3.0070,3.0060,3.0110,3.0120,3.0130,3.0140,3.0150,17331,31446,14141,5408,12832,2070,23263,18995,6864,7025
sh,510050,2019-10-31 09:51:13,3.0110,20,1276600.0000,4240,S,3.0110,3.0100,3.0090,3.0080,3.0070,3.0120,3.0130,3.0140,3.0150,3.0160,5330,26461,31446,14873,5408,14263,22035,15864,7025,7008
sh,510050,2019-10-31 09:51:16,3.0110,3,460100.0000,1528,S,3.0110,3.0100,3.0090,3.0080,3.0070,3.0120,3.0130,3.0140,3.0150,3.0160,3830,24161,24155,15873,5408,19235,17835,24364,8025,7008
sh,510050,2019-10-31 09:51:19,3.0110,3,85800.0000,285,S,3.0110,3.0100,3.0090,3.0080,3.0070,3.0120,3.0130,3.0140,3.0150,3.0160,3545,6357,21155,15873,5408,19235,23835,18364,8025,7008
sh,510050,2019-10-31 09:51:22,3.0110,6,143700.0000,477,S,3.0110,3.0100,3.0090,3.0080,3.0070,3.0120,3.0130,3.0140,3.0150,3.0160,3432,15357,30155,6873,5408,18871,17835,21364,8025,7008
sh,510050,2019-10-31 09:51:25,3.0120,1,15000.0000,50,S,3.0110,3.0100,3.0090,3.0080,3.0070,3.0120,3.0130,3.0140,3.0150,3.0160,3432,18541,30155,6873,5408,18816,17835,21364,11125,7008
sh,510050,2019-10-31 09:51:28,3.0110,1,600.0000,2,S,3.0110,3.0100,3.0090,3.0080,3.0070,3.0120,3.0130,3.0140,3.0150,3.0160,3442,18541,18155,11944,5408,18866,26935,18364,7135,7008
sh,510050,2019-10-31 09:51:31,3.0110,2,51200.0000,170,S,3.0110,3.0100,3.0090,3.0080,3.0070,3.0120,3.0130,3.0140,3.0150,3.0160,2772,18541,27155,7063,5398,18872,26935,18364,8235,7008
sh,510050,2019-10-31 09:51:34,3.0120,4,167800.0000,557,S,3.0110,3.0100,3.0090,3.0080,3.0070,3.0120,3.0130,3.0140,3.0150,3.0160,2772,18441,30155,7063,5398,17315,17935,21364,8385,7008
sh,510050,2019-10-31 09:51:37,3.0110,3,838300.0000,2784,S,3.0100,3.0090,3.0080,3.0070,3.0060,3.0110,3.0120,3.0130,3.0140,3.0150,9441,24155,10063,2398,11832,2216,17339,26935,18364,8385
sh,510050,2019-10-31 09:51:40,3.0110,4,121900.0000,405,S,3.0100,3.0090,3.0080,3.0070,3.0060,3.0110,3.0120,3.0130,3.0140,3.0150,9348,18155,10148,5398,11832,1832,17528,38945,6364,8385
sh,510050,2019-10-31 09:51:43,3.0110,2,48200.0000,160,S,3.0100,3.0090,3.0080,3.0070,3.0060,3.0110,3.0120,3.0130,3.0140,3.0150,3697,18155,18138,2398,14832,5201,23528,32645,3164,7335
sh,510050,2019-10-31 09:51:46,3.0110,3,146900.0000,488,S,3.0100,3.0090,3.0080,3.0070,3.0060,3.0110,3.0120,3.0130,3.0140,3.0150,697,18155,18138,3398,14832,7813,23528,23645,4164,7335
sh,510050,2019-10-31 09:51:49,3.0110,2,28900.0000,96,S,3.0100,3.0090,3.0080,3.0070,3.0060,3.0110,3.0120,3.0130,3.0140,3.0150,8015,9148,18138,12398,14832,10787,29732,26645,4164,7415
sh,510050,2019-10-31 09:51:52,3.0100,4,94200.0000,313,S,3.0100,3.0090,3.0080,3.0070,3.0060,3.0110,3.0120,3.0130,3.0140,3.0150,7748,9148,15138,12398,14832,14132,32732,26645,4164,7415
sh,510050,2019-10-31 09:51:55,3.0100,3,50300.0000,167,S,3.0100,3.0090,3.0080,3.0070,3.0060,3.0110,3.0120,3.0130,3.0140,3.0150,8202,18148,15138,15398,14832,14550,32732,26845,4664,7415
sh,510050,2019-10-31 09:51:58,3.0100,13,2476900.0000,8229,S,3.0090,3.0080,3.0070,3.0060,3.0050,3.0100,3.0110,3.0120,3.0130,3.0140,18190,9138,21398,11832,4447,492,14523,44747,14840,4664
sh,510050,2019-10-31 09:52:01,3.0100,2,33200.0000,110,S,3.0090,3.0080,3.0070,3.0060,3.0050,3.0100,3.0110,3.0120,3.0130,3.0140,18230,9138,18398,11830,1447,388,17512,38747,14840,4664
sh,510050,2019-10-31 09:52:04,3.0110,7,140500.0000,467,S,3.0090,3.0080,3.0070,3.0060,3.0050,3.0110,3.0120,3.0130,3.0140,3.0150,18230,18188,12398,14830,1447,8163,44767,14840,4664,7415
sh,510050,2019-10-31 09:52:07,3.0100,3,4800.0000,16,S,3.0100,3.0090,3.0080,3.0070,3.0060,3.0110,3.0120,3.0130,3.0140,3.0150,820,27230,18188,12398,14830,8161,44769,14955,4641,7430
sh,510050,2019-10-31 09:52:10,3.0110,6,63600.0000,211,S,3.0100,3.0090,3.0080,3.0070,3.0060,3.0110,3.0120,3.0130,3.0140,3.0150,805,9230,15188,14398,14830,8020,44769,14955,3351,7480
sh,510050,2019-10-31 09:52:13,3.0100,5,242300.0000,805,S,3.0090,3.0080,3.0070,3.0060,3.0050,3.0110,3.0120,3.0130,3.0140,3.0150,9230,6188,21398,11830,1447,14956,41776,11955,4354,7480
sh,510050,2019-10-31 09:52:16,3.0100,11,131800.0000,438,S,3.0090,3.0080,3.0070,3.0060,3.0050,3.0100,3.0110,3.0120,3.0130,3.0140,8856,6188,24398,11830,4447,3011,18456,38816,11955,4354
sh,510050,2019-10-31 09:52:19,3.0090,2,920700.0000,3060,S,3.0090,3.0080,3.0070,3.0060,3.0050,3.0100,3.0110,3.0120,3.0130,3.0140,14808,6188,21398,11830,4447,12015,27580,21816,11955,4354
sh,510050,2019-10-31 09:52:22,3.0100,7,125500.0000,417,S,3.0090,3.0080,3.0070,3.0060,3.0050,3.0100,3.0110,3.0120,3.0130,3.0140,8795,5456,21398,14830,1457,12194,31691,18816,11955,4354
sh,510050,2019-10-31 09:52:25,3.0090,4,60800.0000,202,S,3.0080,3.0070,3.0060,3.0050,3.0040,3.0090,3.0100,3.0110,3.0120,3.0130,19942,20498,12562,4457,7844,2750,17544,31141,18816,11955
sh,510050,2019-10-31 09:52:28,3.0080,1,15100.0000,50,S,3.0080,3.0070,3.0060,3.0050,3.0040,3.0090,3.0100,3.0110,3.0120,3.0130,19916,23498,12562,5457,7844,2750,17644,28621,19816,11955
sh,510050,2019-10-31 09:52:31,3.0090,1,812400.0000,2700,S,3.0080,3.0070,3.0060,3.0050,3.0040,3.0090,3.0100,3.0110,3.0120,3.0130,28916,23498,12562,5457,7844,73,17644,22721,22866,11621
sh,510050,2019-10-31 09:52:34,3.0090,3,21900.0000,73,S,3.0090,3.0080,3.0070,3.0060,3.0050,3.0100,3.0110,3.0120,3.0130,3.0140,9427,37916,20498,12562,2457,17923,28740,19881,11621,3354
sh,510050,2019-10-31 09:52:37,3.0090,4,951500.0000,3162,S,3.0090,3.0080,3.0070,3.0060,3.0050,3.0100,3.0110,3.0120,3.0130,3.0140,6687,29079,11498,21562,2457,24798,22740,19841,11581,3354
sh,510050,2019-10-31 09:52:40,3.0100,4,142300.0000,473,S,3.0090,3.0080,3.0070,3.0060,3.0050,3.0100,3.0110,3.0120,3.0130,3.0140,412,29094,20498,12562,2457,18440,28740,19631,11581,3356
sh,510050,2019-10-31 09:52:43,3.0090,1,60200.0000,200,S,3.0090,3.0080,3.0070,3.0060,3.0050,3.0100,3.0110,3.0120,3.0130,3.0140,212,29094,20498,12562,5457,18445,28740,19931,11581,3406
sh,510050,2019-10-31 09:52:46,3.0090,2,12700.0000,42,S,3.0090,3.0080,3.0070,3.0060,3.0050,3.0100,3.0110,3.0120,3.0130,3.0140,202,29094,14489,15562,1457,18445,28740,15936,11581,3406
sh,510050,2019-10-31 09:52:49,3.0090,2,9000.0000,30,S,3.0090,3.0080,3.0070,3.0060,3.0050,3.0100,3.0110,3.0120,3.0130,3.0140,172,29094,20738,16562,1467,18445,28740,18936,12581,3406
sh,510050,2019-10-31 09:52:52,3.0090,10,444100.0000,1476,S,3.0080,3.0070,3.0060,3.0050,3.0040,3.0090,3.0100,3.0110,3.0120,3.0130,29094,11738,22562,1467,10844,469,27190,16745,15936,12581
sh,510050,2019-10-31 09:52:55,3.0090,1,13300.0000,44,S,3.0080,3.0070,3.0060,3.0050,3.0040,3.0090,3.0100,3.0110,3.0120,3.0130,29094,11738,22562,1467,11344,12431,24490,19845,15936,12581
sh,510050,2019-10-31 09:52:58,3.0080,7,887900.0000,2952,S,3.0080,3.0070,3.0060,3.0050,3.0040,3.0090,3.0100,3.0110,3.0120,3.0130,17154,2738,19562,10527,11344,12731,30729,4895,15936,12581
sh,510050,2019-10-31 09:53:01,3.0080,2,3300.0000,11,S,3.0080,3.0070,3.0060,3.0050,3.0040,3.0090,3.0100,3.0110,3.0120,3.0130,11186,2738,18562,10527,11344,9736,30729,10895,15936,11581
sh,510050,2019-10-31 09:53:04,3.0090,3,233200.0000,775,S,3.0080,3.0070,3.0060,3.0050,3.0040,3.0090,3.0100,3.0110,3.0120,3.0130,1669,18035,18562,14527,11344,9716,36729,7939,16936,11581
sh,510050,2019-10-31 09:53:07,3.0080,2,30600.0000,102,S,3.0080,3.0070,3.0060,3.0050,3.0040,3.0090,3.0100,3.0110,3.0120,3.0130,1569,26065,18562,11527,8444,9780,31124,8093,16936,11581
sh,510050,2019-10-31 09:53:10,3.0080,6,86700.0000,288,S,3.0080,3.0070,3.0060,3.0050,3.0040,3.0090,3.0100,3.0110,3.0120,3.0130,1434,26098,12562,21260,11444,9627,25154,8153,16936,11581
sh,510050,2019-10-31 09:53:13,3.0080,4,34000.0000,113,S,3.0080,3.0070,3.0060,3.0050,3.0040,3.0090,3.0100,3.0110,3.0120,3.0130,1321,26198,18562,12260,11444,9627,27804,11153,16936,11581
sh,510050,2019-10-31 09:53:16,3.0090,3,14400.0000,48,S,3.0080,3.0070,3.0060,3.0050,3.0040,3.0090,3.0100,3.0110,3.0120,3.0130,7478,26198,18562,15260,11444,9698,30804,11153,16936,11581
sh,510050,2019-10-31 09:53:19,3.0080,3,40300.0000,134,S,3.0080,3.0070,3.0060,3.0050,3.0040,3.0090,3.0100,3.0110,3.0120,3.0130,7424,26241,18562,12260,11444,9668,33204,8153,16936,11591
sh,510050,2019-10-31 09:53:22,3.0080,6,239100.0000,795,S,3.0080,3.0070,3.0060,3.0050,3.0040,3.0090,3.0100,3.0110,3.0120,3.0130,6941,26241,20830,12260,11444,9768,27204,10623,16936,11591
sh,510050,2019-10-31 09:53:25,3.0080,16,2090600.0000,6950,S,3.0070,3.0060,3.0050,3.0040,3.0030,3.0080,3.0090,3.0100,3.0110,3.0120,26241,17830,15760,12227,10552,13220,6471,27204,13673,16936
sh,510050,2019-10-31 09:53:28,3.0080,13,6024000.0000,20033,S,3.0070,3.0060,3.0050,3.0040,3.0030,3.0080,3.0090,3.0100,3.0110,3.0120,6242,17830,17760,12227,10752,13226,6471,27204,7673,14936
sh,510050,2019-10-31 09:53:31,3.0080,1,5000.0000,17,S,3.0070,3.0060,3.0050,3.0040,3.0030,3.0080,3.0090,3.0100,3.0110,3.0120,6242,17830,17760,13227,10752,13209,12421,30354,5673,14936
sh,510050,2019-10-31 09:53:34,3.0080,2,76500.0000,254,S,3.0070,3.0060,3.0050,3.0040,3.0030,3.0080,3.0090,3.0100,3.0110,3.0120,33242,14832,23760,10227,13752,12785,12421,27354,8673,11936
sh,510050,2019-10-31 09:53:37,3.0070,1,8400.0000,28,S,3.0070,3.0060,3.0050,3.0040,3.0030,3.0080,3.0090,3.0100,3.0110,3.0120,45354,14832,23736,10227,13752,12785,6421,31354,9473,11936
sh,510050,2019-10-31 09:53:40,3.0080,5,69800.0000,232,S,3.0070,3.0060,3.0050,3.0040,3.0030,3.0080,3.0090,3.0100,3.0110,3.0120,48256,20832,17736,13227,10752,12733,6421,34677,9473,12136
sh,510050,2019-10-31 09:53:43,3.0080,2,216500.0000,720,S,3.0070,3.0060,3.0050,3.0040,3.0030,3.0080,3.0090,3.0100,3.0110,3.0120,54036,23832,14736,12227,10752,12299,6421,34677,7973,12136
sh,510050,2019-10-31 09:53:46,3.0070,2,953200.0000,3170,S,3.0070,3.0060,3.0050,3.0040,3.0030,3.0080,3.0090,3.0100,3.0110,3.0120,62893,26832,11736,13227,13752,14633,6421,34677,8683,12136
sh,510050,2019-10-31 09:53:49,3.0070,4,920500.0000,3060,S,3.0070,3.0060,3.0050,3.0040,3.0030,3.0080,3.0090,3.0100,3.0110,3.0120,2057,26835,11736,13227,13752,11613,6421,34677,8683,12136
sh,510050,2019-10-31 09:53:52,3.0070,4,2714400.0000,9024,S,3.0070,3.0060,3.0050,3.0040,3.0030,3.0080,3.0090,3.0100,3.0110,3.0120,47830,26835,11736,13227,13762,2612,6536,34677,8683,12136
sh,510050,2019-10-31 09:53:55,3.0080,1,13500.0000,45,S,3.0070,3.0060,3.0050,3.0040,3.0030,3.0080,3.0090,3.0100,3.0110,3.0120,56830,23835,14736,13227,13762,2567,6536,34677,8698,12136
sh,510050,2019-10-31 09:53:58,3.0070,7,738900.0000,2457,S,3.0070,3.0060,3.0050,3.0040,3.0030,3.0080,3.0090,3.0100,3.0110,3.0120,55383,26835,11736,13227,13762,1615,6536,34677,8698,12126
sh,510050,2019-10-31 09:54:01,3.0080,2,37000.0000,123,S,3.0070,3.0060,3.0050,3.0040,3.0030,3.0080,3.0090,3.0100,3.0110,3.0120,55434,22835,14736,13227,13762,1512,6839,34677,8700,12126
sh,510050,2019-10-31 09:54:10,3.0080,4,454900.0000,1512,S,3.0080,3.0070,3.0060,3.0050,3.0040,3.0090,3.0100,3.0110,3.0120,3.0130,7506,55663,22832,11736,13227,6839,34667,8700,12126,11845
sh,510050,2019-10-31 09:54:13,3.0080,102,31900.0000,106,S,3.0080,3.0070,3.0060,3.0050,3.0040,3.0090,3.0100,3.0110,3.0120,3.0130,7400,61662,28832,2736,10227,6859,28669,8700,12126,11845
sh,510050,2019-10-31 09:54:19,3.0080,4,38500.0000,128,S,3.0080,3.0070,3.0060,3.0050,3.0040,3.0090,3.0100,3.0110,3.0120,3.0130,29844,55712,22832,6736,9408,736,19669,19702,16126,11845
sh,510050,2019-10-31 09:54:22,3.0080,1,20100.0000,67,S,3.0080,3.0070,3.0060,3.0050,3.0040,3.0090,3.0100,3.0110,3.0120,3.0130,29329,43712,31832,3735,9408,736,19669,19722,16126,11845
sh,510050,2019-10-31 09:54:28,3.0090,15,225400.0000,749,S,3.0090,3.0080,3.0070,3.0060,3.0050,3.0100,3.0110,3.0120,3.0130,3.0140,288,29470,39675,25832,6735,20082,19722,16128,11845,2916
sh,510050,2019-10-31 09:54:31,3.0090,1,86600.0000,288,S,3.0080,3.0070,3.0060,3.0050,3.0040,3.0090,3.0100,3.0110,3.0120,3.0130,29470,21709,22932,5735,9408,9746,20382,19722,15128,11845
sh,510050,2019-10-31 09:54:34,3.0090,6,5717100.0000,19000,S,3.0080,3.0070,3.0060,3.0050,3.0040,3.0090,3.0100,3.0110,3.0120,3.0130,29470,27709,22932,6735,9408,746,20382,19722,16128,11845
sh,510050,2019-10-31 09:54:37,3.0100,7,375000.0000,1246,S,3.0090,3.0080,3.0070,3.0060,3.0050,3.0100,3.0110,3.0120,3.0130,3.0140,8283,29470,15709,22932,6735,14682,19724,16128,11845,2916
sh,510050,2019-10-31 09:54:40,3.0090,1,14500.0000,48,S,3.0090,3.0080,3.0070,3.0060,3.0050,3.0100,3.0110,3.0120,3.0130,3.0140,17245,35470,18709,15714,2735,5682,4724,36128,12845,2916
sh,510050,2019-10-31 09:54:43,3.0090,1,600.0000,2,S,3.0090,3.0080,3.0070,3.0060,3.0050,3.0100,3.0110,3.0120,3.0130,3.0140,17245,35470,18709,18714,2735,5683,10724,29989,15845,2916
sh,510050,2019-10-31 09:54:46,3.0080,8,5200700.0000,17284,S,3.0080,3.0070,3.0060,3.0050,3.0040,3.0090,3.0100,3.0110,3.0120,3.0130,22779,24709,15714,5735,11525,2755,5683,10701,29989,15870
sh,510050,2019-10-31 09:54:49,3.0090,4,878900.0000,2921,S,3.0090,3.0080,3.0070,3.0060,3.0050,3.0100,3.0110,3.0120,3.0130,3.0140,15079,22979,21909,15714,2735,25683,4710,35989,15870,2916
sh,510050,2019-10-31 09:54:58,3.0100,21,5424100.0000,18020,S,3.0090,3.0080,3.0070,3.0060,3.0050,3.0100,3.0110,3.0120,3.0130,3.0140,36147,22999,18909,15714,5735,8018,10710,30012,15871,2916
sh,510050,2019-10-31 09:55:01,3.0100,5,2413400.0000,8018,S,3.0100,3.0090,3.0080,3.0070,3.0060,3.0110,3.0120,3.0130,3.0140,3.0150,992,36147,16759,24909,15714,10710,29977,12871,2916,7434
sh,510050,2019-10-31 09:55:07,3.0100,2,33700.0000,112,S,3.0100,3.0090,3.0080,3.0070,3.0060,3.0110,3.0120,3.0130,3.0140,3.0150,25649,45587,22759,17341,14714,25010,35477,14871,3916,7474
sh,510050,2019-10-31 09:55:10,3.0100,2,916500.0000,3045,S,3.0100,3.0090,3.0080,3.0070,3.0060,3.0110,3.0120,3.0130,3.0140,3.0150,13604,42587,16909,23341,14714,31010,29977,14871,3916,7574
sh,510050,2019-10-31 09:55:13,3.0100,7,1901700.0000,6318,S,3.0100,3.0090,3.0080,3.0070,3.0060,3.0110,3.0120,3.0130,3.0140,3.0150,7304,33587,16909,23341,14714,30992,32877,11821,3916,7574
sh,510050,2019-10-31 09:55:16,3.0110,3,1065000.0000,3538,S,3.0100,3.0090,3.0080,3.0070,3.0060,3.0110,3.0120,3.0130,3.0140,3.0150,7266,33587,16909,23341,14724,35492,32877,11821,3916,7574
sh,510050,2019-10-31 09:55:19,3.0100,2,38000.0000,126,S,3.0100,3.0090,3.0080,3.0070,3.0060,3.0110,3.0120,3.0130,3.0140,3.0150,4300,33587,17409,22341,14724,35442,29877,14821,2916,7574
sh,510050,2019-10-31 09:55:22,3.0100,6,1324400.0000,4400,S,3.0090,3.0080,3.0070,3.0060,3.0050,3.0100,3.0110,3.0120,3.0130,3.0140,33587,17409,23341,14724,5402,1471,35442,29877,11821,3916
sh,510050,2019-10-31 09:55:25,3.0100,2,2100.0000,7,S,3.0090,3.0080,3.0070,3.0060,3.0050,3.0100,3.0110,3.0120,3.0130,3.0140,33587,8409,26341,14724,5402,4457,35942,32877,11821,3916
sh,510050,2019-10-31 09:55:34,3.0100,3,183600.0000,610,S,3.0090,3.0080,3.0070,3.0060,3.0050,3.0100,3.0110,3.0120,3.0130,3.0140,27587,11522,22339,12722,5402,4131,35942,29857,15721,2916
sh,510050,2019-10-31 09:55:37,3.0100,5,453000.0000,1505,S,3.0090,3.0080,3.0070,3.0060,3.0050,3.0100,3.0110,3.0120,3.0130,3.0140,27587,11522,22339,12759,5402,2678,36042,29857,15721,2916
sh,510050,2019-10-31 09:55:40,3.0100,1,9900.0000,33,S,3.0090,3.0080,3.0070,3.0060,3.0050,3.0100,3.0110,3.0120,3.0130,3.0140,27587,11522,22339,12764,5402,3645,36042,32857,12721,2916
sh,510050,2019-10-31 09:55:43,3.0100,1,21100.0000,70,S,3.0090,3.0080,3.0070,3.0060,3.0050,3.0100,3.0110,3.0120,3.0130,3.0140,18587,11532,22339,12764,5402,3614,36042,29865,12821,2916
sh,510050,2019-10-31 09:55:46,3.0100,1,9000.0000,30,S,3.0090,3.0080,3.0070,3.0060,3.0050,3.0100,3.0110,3.0120,3.0130,3.0140,18587,20532,22339,11764,5402,9584,38742,26865,11821,2916
sh,510050,2019-10-31 09:55:49,3.0100,4,35500.0000,118,S,3.0090,3.0080,3.0070,3.0060,3.0050,3.0100,3.0110,3.0120,3.0130,3.0140,9649,20532,22339,12764,5402,9874,41742,26865,12821,2916
sh,510050,2019-10-31 09:55:55,3.0100,4,429200.0000,1426,S,3.0090,3.0080,3.0070,3.0060,3.0050,3.0100,3.0110,3.0120,3.0130,3.0140,9359,38532,22339,12764,5402,18346,42589,26875,12821,2916
sh,510050,2019-10-31 09:56:07,3.0100,3,178200.0000,592,S,3.0090,3.0080,3.0070,3.0060,3.0050,3.0100,3.0110,3.0120,3.0130,3.0140,9285,38532,22344,12974,5402,21355,37194,32825,12821,2916
sh,510050,2019-10-31 09:56:10,3.0090,11,2793800.0000,9285,S,3.0080,3.0070,3.0060,3.0050,3.0040,3.0090,3.0100,3.0110,3.0120,3.0130,38532,16344,12974,2402,8695,10715,6066,37194,29775,15821
sh,510050,2019-10-31 09:56:13,3.0090,4,3226300.0000,10722,S,3.0090,3.0080,3.0070,3.0060,3.0050,3.0100,3.0110,3.0120,3.0130,3.0140,6278,47532,22544,13174,5402,23488,36594,29875,16221,2916
sh,510050,2019-10-31 09:56:16,3.0090,1,45100.0000,150,S,3.0090,3.0080,3.0070,3.0060,3.0050,3.0100,3.0110,3.0120,3.0130,3.0140,64428,47532,22544,13174,5402,23498,36594,29852,16221,2916
sh,510050,2019-10-31 09:56:28,3.0100,1,3000.0000,10,S,3.0090,3.0080,3.0070,3.0060,3.0050,3.0100,3.0110,3.0120,3.0130,3.0140,2578,47512,22544,12174,5402,21411,36624,29852,15221,2957
sh,510050,2019-10-31 09:56:34,3.0100,16,905100.0000,3007,S,3.0090,3.0080,3.0070,3.0060,3.0050,3.0100,3.0110,3.0120,3.0130,3.0140,2578,53611,16504,16174,2402,18404,30567,35852,16221,2957
sh,510050,2019-10-31 09:56:37,3.0100,14,5554700.0000,18454,S,3.0100,3.0090,3.0080,3.0070,3.0060,3.0110,3.0120,3.0130,3.0140,3.0150,17549,2305,56611,10504,16174,30567,35964,16221,2957,7920
sh,510050,2019-10-31 09:56:40,3.0100,5,42400.0000,141,S,3.0100,3.0090,3.0080,3.0070,3.0060,3.0110,3.0120,3.0130,3.0140,3.0150,50650,58772,59611,10504,15974,30848,35964,16221,2977,7920
sh,510050,2019-10-31 09:56:43,3.0100,1,21100.0000,70,S,3.0100,3.0090,3.0080,3.0070,3.0060,3.0110,3.0120,3.0130,3.0140,3.0150,2145,40772,59611,10504,14974,30948,35964,15221,2977,7920
sh,510050,2019-10-31 09:56:46,3.0100,2,27400.0000,91,S,3.0100,3.0090,3.0080,3.0070,3.0060,3.0110,3.0120,3.0130,3.0140,3.0150,50618,40772,59611,11504,14974,30882,35964,15271,3977,7920
sh,510050,2019-10-31 09:56:52,3.0100,2,221200.0000,735,S,3.0100,3.0090,3.0080,3.0070,3.0060,3.0110,3.0120,3.0130,3.0140,3.0150,18205,31772,59611,11504,14974,31021,35954,15271,3977,7520
sh,510050,2019-10-31 09:57:01,3.0100,4,126200.0000,419,S,3.0100,3.0090,3.0080,3.0070,3.0060,3.0110,3.0120,3.0130,3.0140,3.0150,11819,22772,38811,11504,14974,31596,35954,15271,4777,7540
sh,510050,2019-10-31 09:57:04,3.0100,8,2654500.0000,8819,S,3.0090,3.0080,3.0070,3.0060,3.0050,3.0100,3.0110,3.0120,3.0130,3.0140,22772,20811,20504,11974,5485,9383,43996,26954,12271,4777
sh,510050,2019-10-31 09:57:07,3.0090,1,60200.0000,200,S,3.0090,3.0080,3.0070,3.0060,3.0050,3.0100,3.0110,3.0120,3.0130,3.0140,22572,20811,23504,11974,5485,1172,38001,32954,12271,4777
sh,510050,2019-10-31 09:57:13,3.0100,10,556800.0000,1850,S,3.0090,3.0080,3.0070,3.0060,3.0050,3.0100,3.0110,3.0120,3.0130,3.0140,11572,20827,24599,12974,5485,4739,43885,26954,13271,6598
sh,510050,2019-10-31 09:57:16,3.0100,1,300.0000,1,S,3.0090,3.0080,3.0070,3.0060,3.0050,3.0100,3.0110,3.0120,3.0130,3.0140,11572,20827,24599,11974,6218,7738,43885,26954,12271,6598
sh,510050,2019-10-31 09:57:19,3.0090,1,300.0000,1,S,3.0090,3.0080,3.0070,3.0060,3.0050,3.0100,3.0110,3.0120,3.0130,3.0140,11571,21167,24599,12974,6218,10748,43885,26954,13271,3777
sh,510050,2019-10-31 09:57:22,3.0100,1,4500.0000,15,S,3.0090,3.0080,3.0070,3.0060,3.0050,3.0100,3.0110,3.0120,3.0130,3.0140,9606,30167,24399,12974,6218,14032,40885,29930,13271,3777
sh,510050,2019-10-31 09:57:28,3.0090,1,30100.0000,100,S,3.0090,3.0080,3.0070,3.0060,3.0050,3.0100,3.0110,3.0120,3.0130,3.0140,12506,21238,24399,12974,6218,17462,46885,26932,16093,3727
sh,510050,2019-10-31 09:57:31,3.0100,1,3000.0000,10,S,3.0090,3.0080,3.0070,3.0060,3.0050,3.0100,3.0110,3.0120,3.0130,3.0140,12506,21238,12572,17802,3218,17792,58185,14932,15093,3727
sh,510050,2019-10-31 09:57:34,3.0090,1,902700.0000,3000,S,3.0090,3.0080,3.0070,3.0060,3.0050,3.0100,3.0110,3.0120,3.0130,3.0140,9506,21238,21572,11974,6218,14793,58185,14932,15093,3727
sh,510050,2019-10-31 09:57:37,3.0090,2,454100.0000,1509,S,3.0090,3.0080,3.0070,3.0060,3.0050,3.0100,3.0110,3.0120,3.0130,3.0140,8197,21238,24399,12974,6218,12193,49185,20932,16093,3727
sh,510050,2019-10-31 09:57:40,3.0090,1,18700.0000,62,S,3.0090,3.0080,3.0070,3.0060,3.0050,3.0100,3.0110,3.0120,3.0130,3.0140,8135,21238,24399,12974,6218,12193,49185,20932,13271,6548
sh,510050,2019-10-31 09:57:46,3.0100,1,500.0000,2,S,3.0090,3.0080,3.0070,3.0060,3.0050,3.0100,3.0110,3.0120,3.0130,3.0140,10735,21239,21572,12974,6223,12230,43185,21048,19093,3727
sh,510050,2019-10-31 09:57:49,3.0100,1,6100.0000,20,S,3.0090,3.0080,3.0070,3.0060,3.0050,3.0100,3.0110,3.0120,3.0130,3.0140,13768,27239,15572,11974,3223,6218,43185,27048,15271,6548
sh,510050,2019-10-31 09:57:55,3.0090,4,1500.0000,5,S,3.0090,3.0080,3.0070,3.0060,3.0050,3.0100,3.0110,3.0120,3.0130,3.0140,13764,30065,15572,12974,3223,6269,49785,21048,16271,6548
sh,510050,2019-10-31 09:58:04,3.0100,1,14700.0000,49,S,3.0090,3.0080,3.0070,3.0060,3.0050,3.0100,3.0110,3.0120,3.0130,3.0140,10825,21279,24399,12964,6223,6480,49185,21046,16093,3727
sh,510050,2019-10-31 09:58:07,3.0100,1,8100.0000,27,S,3.0090,3.0080,3.0070,3.0060,3.0050,3.0100,3.0110,3.0120,3.0130,3.0140,19825,21279,24399,12964,6223,9463,49235,24046,13271,6548
sh,510050,2019-10-31 09:58:10,3.0090,2,13300.0000,44,S,3.0090,3.0080,3.0070,3.0060,3.0050,3.0100,3.0110,3.0120,3.0130,3.0140,19815,21279,24399,12964,6223,12515,55235,18039,13271,6548
sh,510050,2019-10-31 09:58:19,3.0090,16,3254200.0000,10815,S,3.0080,3.0070,3.0060,3.0050,3.0040,3.0090,3.0100,3.0110,3.0120,3.0130,21279,24399,12964,6223,8695,9541,13182,35285,18039,16093
sh,510050,2019-10-31 09:58:22,3.0090,1,1500.0000,5,S,3.0080,3.0070,3.0060,3.0050,3.0040,3.0090,3.0100,3.0110,3.0120,3.0130,21279,21399,15964,6223,8695,14539,13382,35285,15039,16093
sh,510050,2019-10-31 09:58:28,3.0080,1,300.0000,1,S,3.0080,3.0070,3.0060,3.0050,3.0040,3.0090,3.0100,3.0110,3.0120,3.0130,21278,21399,15964,3223,8795,14629,13318,35285,15239,16093
sh,510050,2019-10-31 09:58:34,3.0090,1,1800.0000,6,S,3.0080,3.0070,3.0060,3.0050,3.0040,3.0090,3.0100,3.0110,3.0120,3.0130,12278,18572,20232,4223,12528,14762,25884,24135,13389,12271
sh,510050,2019-10-31 09:58:46,3.0080,1,110100.0000,366,S,3.0080,3.0070,3.0060,3.0050,3.0040,3.0090,3.0100,3.0110,3.0120,3.0130,12084,9573,11232,22223,9528,26515,32552,9235,13349,12271
sh,510050,2019-10-31 09:58:49,3.0080,16,2683500.0000,8921,S,3.0080,3.0070,3.0060,3.0050,3.0040,3.0090,3.0100,3.0110,3.0120,3.0130,3193,573,11232,25052,9528,26605,28952,9275,16172,12271
sh,510050,2019-10-31 09:58:52,3.0080,17,960400.0000,3193,S,3.0070,3.0060,3.0050,3.0040,3.0030,3.0080,3.0090,3.0100,3.0110,3.0120,573,20232,25052,9528,17182,143,26605,31852,12098,13349
sh,510050,2019-10-31 09:58:55,3.0070,3,40000.0000,133,S,3.0070,3.0060,3.0050,3.0040,3.0030,3.0080,3.0090,3.0100,3.0110,3.0120,441,20232,28052,9528,17182,163,26605,32052,9275,16172
sh,510050,2019-10-31 09:58:58,3.0080,1,1500.0000,5,S,3.0070,3.0060,3.0050,3.0040,3.0030,3.0080,3.0090,3.0100,3.0110,3.0120,6941,20232,27052,9528,17182,346,20605,32052,9275,15172
sh,510050,2019-10-31 09:59:04,3.0080,2,20500.0000,68,S,3.0070,3.0060,3.0050,3.0040,3.0030,3.0080,3.0090,3.0100,3.0110,3.0120,18941,20266,27052,10528,17182,383,26257,32036,10275,15172
sh,510050,2019-10-31 09:59:10,3.0080,2,1500.0000,5,S,3.0070,3.0060,3.0050,3.0040,3.0030,3.0080,3.0090,3.0100,3.0110,3.0120,33941,26266,18223,13528,14182,493,20237,38026,13275,15172
sh,510050,2019-10-31 09:59:13,3.0080,8,148300.0000,493,S,3.0080,3.0070,3.0060,3.0050,3.0040,3.0090,3.0100,3.0110,3.0120,3.0130,27000,31242,38294,3223,9528,14937,23107,21275,15349,12271
sh,510050,2019-10-31 09:59:16,3.0080,1,4800.0000,16,S,3.0080,3.0070,3.0060,3.0050,3.0040,3.0090,3.0100,3.0110,3.0120,3.0130,24604,25241,44294,4263,9528,14937,29107,21275,13349,12271
sh,510050,2019-10-31 09:59:19,3.0090,1,12900.0000,43,S,3.0080,3.0070,3.0060,3.0050,3.0040,3.0090,3.0100,3.0110,3.0120,3.0130,24023,25241,35294,4263,12528,14894,29147,18275,16172,15093
sh,510050,2019-10-31 09:59:22,3.0090,1,300.0000,1,S,3.0080,3.0070,3.0060,3.0050,3.0040,3.0090,3.0100,3.0110,3.0120,3.0130,24023,25241,35294,3263,12528,14893,29124,18275,12849,15093
sh,510050,2019-10-31 09:59:28,3.0090,1,35200.0000,117,S,3.0080,3.0070,3.0060,3.0050,3.0040,3.0090,3.0100,3.0110,3.0120,3.0130,24023,34241,29294,4263,9528,15045,32024,15275,16849,15193
sh,510050,2019-10-31 09:59:31,3.0090,1,15100.0000,50,S,3.0080,3.0070,3.0060,3.0050,3.0040,3.0090,3.0100,3.0110,3.0120,3.0130,27023,28240,32466,4263,12528,14995,30647,18328,16849,15193
sh,510050,2019-10-31 09:59:34,3.0080,2,49300.0000,164,S,3.0080,3.0070,3.0060,3.0050,3.0040,3.0090,3.0100,3.0110,3.0120,3.0130,26909,28240,35294,4263,12528,14965,30647,18328,19672,12371
sh,510050,2019-10-31 09:59:37,3.0090,1,3000.0000,10,S,3.0080,3.0070,3.0060,3.0050,3.0040,3.0090,3.0100,3.0110,3.0120,3.0130,26909,31240,29294,6263,9528,15025,30647,18721,18682,12371
sh,510050,2019-10-31 09:59:40,3.0080,2,31900.0000,106,S,3.0080,3.0070,3.0060,3.0050,3.0040,3.0090,3.0100,3.0110,3.0120,3.0130,26809,28067,29294,7263,9528,14959,15647,21721,25864,15193
sh,510050,2019-10-31 09:59:43,3.0080,2,6300.0000,21,S,3.0080,3.0070,3.0060,3.0050,3.0040,3.0090,3.0100,3.0110,3.0120,3.0130,35788,22067,20466,4263,9528,15189,15647,21721,25873,12371
sh,510050,2019-10-31 09:59:46,3.0090,2,27100.0000,90,S,3.0080,3.0070,3.0060,3.0050,3.0040,3.0090,3.0100,3.0110,3.0120,3.0130,26758,19240,32094,4263,12528,15174,21647,27721,16873,15193
sh,510050,2019-10-31 09:59:49,3.0090,1,600.0000,2,S,3.0080,3.0070,3.0060,3.0050,3.0040,3.0090,3.0100,3.0110,3.0120,3.0130,26758,19240,32094,4263,12528,15177,15647,33721,16873,12371
sh,510050,2019-10-31 09:59:52,3.0090,23,5041300.0000,16754,S,3.0090,3.0080,3.0070,3.0060,3.0050,3.0100,3.0110,3.0120,3.0130,3.0140,1246,26758,18740,32094,3263,15647,33721,15873,15193,3727
sh,510050,2019-10-31 09:59:58,3.0090,1,3000.0000,10,S,3.0090,3.0080,3.0070,3.0060,3.0050,3.0100,3.0110,3.0120,3.0130,3.0140,17638,9049,18570,24266,6263,26947,33721,15873,16193,3727
sh,510050,2019-10-31 10:00:01,3.0090,2,900.0000,3,S,3.0090,3.0080,3.0070,3.0060,3.0050,3.0100,3.0110,3.0120,3.0130,3.0140,17636,9052,21570,24095,6263,26946,27721,18873,16193,3727
sh,510050,2019-10-31 10:00:04,3.0100,3,17100.0000,57,S,3.0090,3.0080,3.0070,3.0060,3.0050,3.0100,3.0110,3.0120,3.0130,3.0140,17808,9052,27743,12999,6263,18661,18721,21873,19193,6548
sh,510050,2019-10-31 10:00:07,3.0100,1,8200.0000,27,S,3.0090,3.0080,3.0070,3.0060,3.0050,3.0100,3.0110,3.0120,3.0130,3.0140,10130,20878,27743,11999,6263,18634,24721,24873,12371,6548
sh,510050,2019-10-31 10:00:19,3.0090,1,5700.0000,19,S,3.0090,3.0080,3.0070,3.0060,3.0050,3.0100,3.0110,3.0120,3.0130,3.0140,19135,27072,27587,12962,6263,18654,33781,15923,13371,3791
sh,510050,2019-10-31 10:00:22,3.0100,1,600.0000,2,S,3.0090,3.0080,3.0070,3.0060,3.0050,3.0100,3.0110,3.0120,3.0130,3.0140,19135,27072,27587,12962,6263,18801,33781,15923,16193,3791
sh,510050,2019-10-31 10:00:25,3.0090,1,21100.0000,70,S,3.0090,3.0080,3.0070,3.0060,3.0050,3.0100,3.0110,3.0120,3.0130,3.0140,19065,27072,24760,18790,6263,18802,33781,18746,13401,3791
sh,510050,2019-10-31 10:00:37,3.0100,2,15300.0000,51,S,3.0090,3.0080,3.0070,3.0060,3.0050,3.0100,3.0110,3.0120,3.0130,3.0140,28065,33052,24587,15962,3263,18761,18886,27933,16401,6612
sh,510050,2019-10-31 10:00:40,3.0100,5,63800.0000,212,S,3.0090,3.0080,3.0070,3.0060,3.0050,3.0100,3.0110,3.0120,3.0130,3.0140,28035,27052,30587,12962,3263,18579,24886,21933,13401,6612
sh,510050,2019-10-31 10:00:46,3.0090,2,21100.0000,70,S,3.0090,3.0080,3.0070,3.0060,3.0050,3.0100,3.0110,3.0120,3.0130,3.0140,18995,27052,30587,12962,6263,21551,27886,18933,13401,3791
sh,510050,2019-10-31 10:00:49,3.0100,3,54500.0000,181,S,3.0090,3.0080,3.0070,3.0060,3.0050,3.0100,3.0110,3.0120,3.0130,3.0140,18995,21052,30587,12962,6263,21303,30886,18433,16223,3791
sh,510050,2019-10-31 10:00:52,3.0090,1,22500.0000,75,S,3.0090,3.0080,3.0070,3.0060,3.0050,3.0100,3.0110,3.0120,3.0130,3.0140,10020,21052,30587,11962,6263,21303,30886,18433,15223,3791
sh,510050,2019-10-31 10:00:55,3.0090,2,601800.0000,2000,S,3.0090,3.0080,3.0070,3.0060,3.0050,3.0100,3.0110,3.0120,3.0130,3.0140,8025,21052,27760,12962,6263,21303,30886,18483,13401,3791
sh,510050,2019-10-31 10:00:58,3.0090,1,12100.0000,40,S,3.0090,3.0080,3.0070,3.0060,3.0050,3.0100,3.0110,3.0120,3.0130,3.0140,16985,21052,30587,12962,5530,21309,30886,18483,16223,3791
sh,510050,2019-10-31 10:01:01,3.0100,3,128700.0000,428,S,3.0090,3.0080,3.0070,3.0060,3.0050,3.0100,3.0110,3.0120,3.0130,3.0140,18577,21052,31319,12962,5530,21279,30886,18483,13401,6612
sh,510050,2019-10-31 10:01:04,3.0090,1,15100.0000,50,S,3.0090,3.0080,3.0070,3.0060,3.0050,3.0100,3.0110,3.0120,3.0130,3.0140,18527,21152,31319,12962,5490,21279,24886,21483,13401,9433
sh,510050,2019-10-31 10:01:07,3.0090,1,373400.0000,1241,S,3.0090,3.0080,3.0070,3.0060,3.0050,3.0100,3.0110,3.0120,3.0130,3.0140,26286,21152,31319,12962,5490,21379,27886,21483,16223,3791
sh,510050,2019-10-31 10:01:13,3.0090,1,21100.0000,70,S,3.0090,3.0080,3.0070,3.0060,3.0050,3.0100,3.0110,3.0120,3.0130,3.0140,17321,21152,19492,21962,5490,21391,30886,17988,16223,3791
sh,510050,2019-10-31 10:01:16,3.0100,1,1500.0000,5,S,3.0090,3.0080,3.0070,3.0060,3.0050,3.0100,3.0110,3.0120,3.0130,3.0140,8331,24152,16492,23790,2490,21407,33886,17811,12401,3791
sh,510050,2019-10-31 10:01:19,3.0090,2,904500.0000,3006,S,3.0090,3.0080,3.0070,3.0060,3.0050,3.0100,3.0110,3.0120,3.0130,3.0140,5325,24152,16492,21962,2490,27707,24886,11988,16223,3791
sh,510050,2019-10-31 10:01:22,3.0090,15,2738800.0000,9102,S,3.0090,3.0080,3.0070,3.0060,3.0050,3.0100,3.0110,3.0120,3.0130,3.0140,5223,24152,16507,24790,2590,35717,21886,14811,13401,3791
sh,510050,2019-10-31 10:01:25,3.0090,2,1571600.0000,5223,S,3.0080,3.0070,3.0060,3.0050,3.0040,3.0090,3.0100,3.0110,3.0120,3.0130,24152,16507,24790,2590,11849,10112,36417,24886,11988,16223
sh,510050,2019-10-31 10:01:37,3.0090,1,6000.0000,20,S,3.0080,3.0070,3.0060,3.0050,3.0040,3.0090,3.0100,3.0110,3.0120,3.0130,6152,42575,11967,21590,8849,9492,48170,15886,15817,12401
sh,510050,2019-10-31 10:01:40,3.0080,4,45100.0000,150,S,3.0080,3.0070,3.0060,3.0050,3.0040,3.0090,3.0100,3.0110,3.0120,3.0130,6102,42575,11967,25152,8849,9692,51170,12886,12994,12401
sh,510050,2019-10-31 10:01:43,3.0090,3,4800.0000,16,S,3.0080,3.0070,3.0060,3.0050,3.0040,3.0090,3.0100,3.0110,3.0120,3.0130,6101,42575,20795,16323,11849,9577,50993,15709,15817,12401
sh,510050,2019-10-31 10:01:46,3.0090,1,18100.0000,60,S,3.0080,3.0070,3.0060,3.0050,3.0040,3.0090,3.0100,3.0110,3.0120,3.0130,6101,42575,11967,25152,8849,4600,50993,12886,15817,12401
sh,510050,2019-10-31 10:01:58,3.0080,8,1504900.0000,5003,S,3.0080,3.0070,3.0060,3.0050,3.0040,3.0090,3.0100,3.0110,3.0120,3.0130,1298,42605,11967,24152,8849,16600,47570,9866,14817,12401
sh,510050,2019-10-31 10:02:01,3.0080,1,300.0000,1,S,3.0080,3.0070,3.0060,3.0050,3.0040,3.0090,3.0100,3.0110,3.0120,3.0130,1297,42605,11967,25152,8849,16714,47620,9866,15817,12401
sh,510050,2019-10-31 10:02:04,3.0080,1,15900.0000,53,S,3.0080,3.0070,3.0060,3.0050,3.0040,3.0090,3.0100,3.0110,3.0120,3.0130,10244,42605,17967,19152,8849,10714,50620,9866,15817,12401
sh,510050,2019-10-31 10:02:10,3.0090,1,21100.0000,70,S,3.0080,3.0070,3.0060,3.0050,3.0040,3.0090,3.0100,3.0110,3.0120,3.0130,10251,42605,17967,16323,11849,11344,50589,12866,12994,12401
sh,510050,2019-10-31 10:02:25,3.0090,1,15000.0000,50,S,3.0080,3.0070,3.0060,3.0050,3.0040,3.0090,3.0100,3.0110,3.0120,3.0130,16252,42605,23795,13323,11849,4645,41869,15866,15852,15223
sh,510050,2019-10-31 10:02:28,3.0090,9,437900.0000,1455,S,3.0090,3.0080,3.0070,3.0060,3.0050,3.0100,3.0110,3.0120,3.0130,3.0140,1552,25252,42605,23795,13323,35869,24866,16079,15223,3791
sh,510050,2019-10-31 10:02:34,3.0090,4,497000.0000,1652,S,3.0080,3.0070,3.0060,3.0050,3.0040,3.0090,3.0100,3.0110,3.0120,3.0130,34272,42605,32795,4323,11849,4747,42585,15866,13409,15223
sh,510050,2019-10-31 10:02:37,3.0090,9,3610500.0000,12000,S,3.0080,3.0070,3.0060,3.0050,3.0040,3.0090,3.0100,3.0110,3.0120,3.0130,40272,42605,29795,7123,8849,2144,48185,15886,16232,12401
sh,510050,2019-10-31 10:02:46,3.0090,6,2710200.0000,9007,S,3.0080,3.0070,3.0060,3.0050,3.0040,3.0090,3.0100,3.0110,3.0120,3.0130,28265,42805,32795,4123,11849,5437,48164,15886,16197,12451
sh,510050,2019-10-31 10:02:55,3.0090,8,2708100.0000,9000,S,3.0080,3.0070,3.0060,3.0050,3.0040,3.0090,3.0100,3.0110,3.0120,3.0130,28265,42805,29795,6123,11849,1236,48173,15921,15197,12451
sh,510050,2019-10-31 10:03:01,3.0090,3,548300.0000,1822,S,3.0080,3.0070,3.0060,3.0050,3.0040,3.0090,3.0100,3.0110,3.0120,3.0130,28265,33815,29967,4123,11849,226,48153,15921,13574,12451
sh,510050,2019-10-31 10:03:04,3.0090,3,976700.0000,3246,S,3.0080,3.0070,3.0060,3.0050,3.0040,3.0090,3.0100,3.0110,3.0120,3.0130,28315,33815,29967,4123,11849,38,41853,18921,13574,12451
sh,510050,2019-10-31 10:03:13,3.0100,3,43300.0000,144,S,3.0080,3.0070,3.0060,3.0050,3.0040,3.0100,3.0110,3.0120,3.0130,3.0140,28317,33825,29967,4123,11849,37510,18921,12574,16283,3791
sh,510050,2019-10-31 10:03:16,3.0090,1,30100.0000,100,S,3.0080,3.0070,3.0060,3.0050,3.0040,3.0090,3.0100,3.0110,3.0120,3.0130,28397,33825,32795,4123,11849,110,44110,18921,15574,16283
sh,510050,2019-10-31 10:03:19,3.0090,3,9300.0000,31,S,3.0080,3.0070,3.0060,3.0050,3.0040,3.0090,3.0100,3.0110,3.0120,3.0130,28387,33825,32795,4123,11849,89,44210,21921,12574,13461
sh,510050,2019-10-31 10:03:22,3.0090,2,26800.0000,89,S,3.0090,3.0080,3.0070,3.0060,3.0050,3.0100,3.0110,3.0120,3.0130,3.0140,35,28387,33825,32795,4123,44220,18921,15574,16283,3791
sh,510050,2019-10-31 10:03:25,3.0090,1,3000.0000,10,S,3.0090,3.0080,3.0070,3.0060,3.0050,3.0100,3.0110,3.0120,3.0130,3.0140,25,28387,24825,32795,4123,44220,18921,15574,16283,3791
sh,510050,2019-10-31 10:03:31,3.0090,2,29800.0000,99,S,3.0090,3.0080,3.0070,3.0060,3.0050,3.0100,3.0110,3.0120,3.0130,3.0140,25307,19387,24825,30967,3123,44032,18921,15574,16283,3791
sh,510050,2019-10-31 10:03:37,3.0090,1,600.0000,2,S,3.0090,3.0080,3.0070,3.0060,3.0050,3.0100,3.0110,3.0120,3.0130,3.0140,7305,19387,27652,30967,3123,38406,24921,15574,16283,3791
sh,510050,2019-10-31 10:03:43,3.0090,4,120400.0000,400,S,3.0090,3.0080,3.0070,3.0060,3.0050,3.0100,3.0110,3.0120,3.0130,3.0140,6905,19447,33652,23967,6123,38294,24921,15631,15283,3791
sh,510050,2019-10-31 10:03:46,3.0090,3,21000.0000,70,S,3.0080,3.0070,3.0060,3.0050,3.0040,3.0090,3.0100,3.0110,3.0120,3.0130,10447,24825,30967,3123,11849,31,37894,24921,15631,16283
